3244 4976
853 341 894 410 al

1455 509 1463 538 i

290 523 426 611 positum
463 544 551 592 nemo
580 544 640 593 non
671 528 819 608 intelligit
848 527 886 590 de
914 525 1007 590 rebus
1028 524 1121 606 ‘inter
1143 521 1185 588 se'
1205 525 1451 591 consonantibus

290 637 322 694 et
343 631 385 694 ad
405 629 570 703 διάλεκτος
587 629 753 710 genetivus
769 625 886 690 υυάνυυ
905 626 950 690 vel
963 629 1023 688 τοῦ
1033 621 1180 708 ᾄδοντος,
1202 633 1237 690 ut
1247 627 1459 706 intelligamus

289 729 327 794 de
357 729 479 794 duabus
512 730 655 810 personis
687 728 782 792 verba
813 725 900 806 lieri3
940 725 1054 789 etenim
1090 725 1128 787 τὸ
1160 729 1351 809 συμφωνεῖν
1382 727 1460 800 τους

288 829 422 909 αὐλούς,
453 829 574 894 etiamsi
599 828 818 893 Gubrauerum
848 843 1034 906 sequamur,
1065 824 1200 888 tibicinis
1228 827 1373 890 meritum
1398 833 1456 907 est,

288 948 350 994 non
371 929 493 1003 aulodi3
516 928 630 1009 alioqui
653 927 768 992 dictum
791 932 875 992 esset
896 923 1038 1006 πότερον
1060 929 1235 1006 συμφωνεῖ
1251 929 1319 999 νοϊς
1337 926 1457 1001 αὐλοῖς.

369 1063 477 1144 Neque
500 1068 605 1127 autern
630 1062 692 1126 nlla
716 1080 810 1126 causa
833 1066 897 1141 est,
928 1077 982 1123 cur
1012 1060 1042 1122 in
1065 1059 1184 1122 tradita
1207 1057 1340 1123 lectione
1362 1059 1458 1124 olien-

287 1163 405 1227 damus.
450 1167 646 1245 συμφωνίαν
669 1163 748 1224 enim
771 1160 936 1243 quominus
955 1159 994 1222 ad
1014 1159 1115 1244 φιλην
1130 1154 1268 1241 αὔλησιν
1284 1159 1455 1225 referamus

287 1263 361 1327 nihil
385 1263 513 1326 obstare
536 1267 619 1325 recte
641 1281 670 1324 v.
693 1260 755 1325 Jan
778 1259 901 1340 (Jahrb.
927 1260 1015 1339 1881,
1037 1260 1098 1323 543
1115 1257 1177 1342 sq.)
1200 1266 1321 1336 monet;
1353 1277 1455 1340 neque

287 1363 367 1426 enim
390 1361 487 1426 solius
510 1361 588 1425 labri
612 1368 681 1424 arte
703 1360 793 1439 effici,
816 1367 852 1424 ut
876 1359 939 1422 duo
961 1359 1054 1422 unius
1076 1357 1173 1421 tibiae
1195 1359 1304 1423 calami
1322 1361 1404 1424 inter
1423 1377 1457 1422 se

287 1471 475 1542 consonent,
505 1461 565 1524 nisi
593 1459 719 1524 inflandi
744 1477 867 1540 quoque
889 1458 1063 1522 dexteritas
1085 1459 1225 1525 accedat.
1267 1467 1362 1540 atque
1386 1478 1457 1525 con-

287 1561 465 1624 sonantiam
496 1577 644 1623 sonorum
666 1559 697 1622 in
723 1559 858 1622 tibicinis
880 1557 1048 1621 virtutibus
1071 1557 1156 1622 nulla
1179 1567 1292 1623 cantus
1314 1560 1455 1624 adiuncti

287 1661 410 1725 ratione
433 1660 540 1724 habita
562 1665 756 1723 numeratam
778 1676 847 1722 esse
871 1657 1054 1722 confirmare
1076 1656 1150 1721 licet
1165 1658 1270 1722 Alcaei
1293 1659 1452 1723 cniusdam

286 1761 507 1841 epigrammate
530 1759 636 1839 (Antb.
658 1760 746 1825 Plan.
771 1757 819 1840 7),
858 1758 910 1823 ubi
941 1757 1055 1822 tibicen
1085 1756 1235 1822 laudatur
1262 1757 1454 1840 t‹rrlppouou

285 1861 462 1941 μαλακοῖσι
485 1858 731 1940 κερασσάμενος
752 1856 857 1940 θρόου
875 1856 1003 1931 αυλοῖς’.
1047 1873 1147 1937 neque
1165 1857 1246 1920 enim
1261 1857 1456 1940 κεράννυται

286 1960 537 2040 consonantiam,
566 1959 619 2039 qui
650 1957 720 2022 aliis
751 1975 885 2022 consone
913 1957 1036 2021 accinit.
1085 1975 1141 2021 nec
1163 1957 1264 2020 minus
1286 1956 1363 2021 haec
1385 1977 1453 2022 sen-

286 2061 386 2122 tentia
414 2058 617 2123 confirmatur
646 2059 786 2138 Dionysii
812 2057 909 2121 Halia.
938 2056 1004 2120 loco
1034 2055 1083 2134 (de
1104 2074 1129 2120 c.
1148 2074 1176 2120 v.
1199 2075 1229 2136 p.
1252 2055 1368 2136 οδω,
1398 2060 1451 2142 qui

285 2165 396 2223 narrat
425 2175 519 2239 saepe
548 2165 580 2221 et
609 2157 792 2221 citharisten
821 2157 981 2236 explosum
1004 2173 1073 2219 esse
1093 2173 1112 2218 a
1132 2155 1348 2236 multitudine,
1378 2160 1452 2238 quia

285 2276 379 2321 unam
403 2262 525 2322 tanturn
549 2256 696 2320 chordam
718 2255 922 2339 α’σύμφωνον
943 2255 1109 2337 pulsasset,
1132 2262 1163 2318 et
1184 2256 1321 2320 auletam
1344 2275 1452 2338 quam-

285 2359 330 2421 vis
358 2356 510 2437 habilem,
539 2352 589 2419 ὅτι
618 2357 751 2438 σομφάν
761 2358 782 2436 ¹)
813 2353 1002 2438 ἐμπνεύσας
1023 2352 1045 2438 γ’γ’
1065 2355 1110 2439 μή
1136 2362 1253 2428 πιέσας
1282 2356 1320 2418 cd
1342 2355 1452 2438 στόμα

283 2457 465 2538 θρυλιγμὸν
485 2451 506 2534 ἢ
522 2457 582 2536 τήν
600 2456 801 2538 καλουμένην
819 2455 986 2536 ἐκμέλειαν
1002 2449 1133 2539 ηὔλησε.
1174 2474 1246 2519 nant
1260 2457 1311 2535 qui
1323 2463 1451 2536 poterat

283 2557 452 2637 ἐκμέλειαν
479 2554 601 2634 αὐλεῖν,
631 2557 662 2619 in
692 2573 729 2619 eo
761 2557 967 2620 consonantia
994 2574 1117 2637 quoque
1147 2555 1292 2619 tibiarum
1322 2563 1449 2620 servata

283 2656 388 2720 notari
410 2660 443 2720 et
465 2655 589 2719 laudari
612 2654 758 2718 debebat.

366 2787 535 2852 Praeterea
568 2788 616 2851 bis
643 2788 838 2868 perspicuum
865 2786 918 2865 fit,
948 2804 1030 2867 quae
1060 2787 1102 2851 sit
1131 2786 1296 2861 διάλεκτος
1317 2789 1449 2854 auletae.

281 2907 386 2953 vocem
405 2889 540 2971 σομφην
562 2889 641 2952 sicut
666 2885 772 2970 φαιάυ
789 2886 921 2950 mediam
940 2903 1008 2950 esse
1026 2889 1107 2949 inter·
1123 2886 1239 2970 λευκήν
1254 2894 1285 2950 et
1295 2889 1452 2969 μέλαιναν

281 2987 468 3052 Aristoteles
490 2987 567 3068 Top.
590 2994 616 3065 l,
631 2994 666 3050 15
690 2993 839 3052 testatur.
883 2988 990 3066 itaque
1013 3005 1122 3051 ravum
1144 2987 1297 3067 quoddam
1320 2988 1450 3053 inflaudi

281 3103 388 3167 genus
411 3105 473 3166 quo
497 3089 564 3150 soni
587 3105 643 3152 nec
663 3087 734 3166 puri
759 3085 893 3168 (λευκοί)
917 3103 974 3149 nec
988 3086 1111 3149 molesti
1126 3087 1286 3151 cuiusdam
1299 3089 1449 3168 strepitus

281 3185 486 3267 (dpvttypod)
515 3173 660 3266 expertes
687 3185 911 3265 nascebantur,
942 3184 1109 3266 Dionysius
1137 3187 1269 3268 σομφόν
1290 3187 1450 3268 appellare

284 3285 421 3348 uidetur.
462 3284 520 3349 hoc
541 3287 651 3349 vitium
675 3284 852 3348 illustratur
875 3283 992 3348 virtute
1017 3285 1046 3347 ei
1067 3285 1133 3348 fere
1155 3286 1333 3366 contraria,
1355 3302 1449 3366 quarn

283 3383 365 3464 apud
388 3382 614 3448 Philostratum
634 3383 818 3464 Apollonius
842 3382 987 3462 Tyaneus
1010 3385 1052 3464 (p.
1074 3385 1128 3449 181
1152 3384 1262 3467 Kays.)
1290 3385 1448 3450 describit.

282 3477 440 3545 εὔπνοιαν
460 3485 541 3546 enlm
560 3483 611 3546 ille
633 3501 652 3546 a
675 3483 799 3547 tibicine
820 3483 977 3563 praestari
1000 3483 1084 3563 dicit,
1106 3480 1147 3568 ἢν
1157 3485 1254 3565 σορὸν
1268 3485 1323 3547 καὶ
1334 3483 1450 3548 λευκόν

280 3584 302 3665 η
331 3582 371 3644 cd
396 3585 529 3664 πνεῦμα
558 3582 612 3644 καὶ
647 3582 693 3667 μή
722 3583 887 3666 ἐπικνυντῇ
913 3581 933 3665 ἡ
961 3581 1105 3664 φάρυγξ,
1140 3583 1231 3646 τουτὶ
1267 3585 1330 3666 γάρ
1368 3586 1450 3646 ἔοικε

282 3680 417 3764 φθόγγῳ
439 3680 586 3763 α’μυύσῳ.
636 3682 674 3746 de
695 3682 765 3747 aliis
792 3699 916 3763 quoque
940 3681 1098 3746 tibicinum
1120 3683 1205 3747 vitiis
1227 3684 1450 3767 comperimus3

280 3855 475 3863 ...ῃ-.-

352 3949 377 4018 1)
410 3950 449 4004 sic
473 3951 582 4008 Goeller
614 3951 750 4024 optimum
779 3951 900 4005 codicem
928 3953 1036 4006 secutus
1062 3951 1178 4007 exhibet
1203 3970 1253 4022 pro
1279 3954 1451 4022 piodpporov',

281 4035 354 4102 quod
379 4051 394 4089 e
422 4038 606 4107 superioribus
632 4038 722 4093 verbis
744 4037 816 4091 male
835 4039 983 4106 repetitum
1003 4057 1048 4107 ap.
1068 4037 1210 4093 Reiskium
1230 4042 1258 4094 ct
1274 4037 1453 4094 Scbaeferur'n

281 4121 379 4174 exerat
