3244 4976
865 337 905 403 59.

299 523 407 588 inanes
429 538 482 586 eas
505 537 573 584 essa
599 535 661 583 non
682 515 772 582 facila
794 516 936 597 credam,
965 517 1216 600 quandoquidem
1238 519 1340 584 oratio
1361 519 1393 582 in
1413 517 1468 583 his

298 623 424 704 quidem
442 620 536 685 rebus
554 638 616 683 nou
638 619 742 699 potuit
760 635 936 698 repugnare
953 618 1086 684 actioni‘.
1123 617 1263 699 speciosa
1279 620 1385 698 verba,
1407 617 1468 683 sed

298 723 474 788 falsissima.
517 738 556 782 an
580 719 746 800 quisquam
769 717 888 798 credet,
912 737 980 781 cum
1003 718 1039 783 0.
1066 720 1079 782 l
1105 725 1289 799 caueretur,
1310 719 1469 782 citharam

297 826 328 890 in
346 822 494 887 Hieronis
516 818 650 883 triclinio
674 818 710 880 dr
730 818 817 881 clavo
839 817 1024 897 pependisse
1044 823 1076 882 et
1097 819 1127 883 in
1143 820 1244 884 media
1265 819 1471 900 antistropha

297 922 413 1005 prima,
436 928 470 985 ut
489 919 595 984 cantui
614 919 787 996 acoineret,
810 918 1025 998 depromptam
1048 937 1134 999 esse,
1156 937 1195 984 ne
1216 921 1326 1001 ,oratio
1349 937 1473 1001 repug-

298 1027 390 1086 naret
421 1018 568 1084 actioni'?
613 1020 672 1081 iam
704 1034 800 1097 supra
833 1017 872 1082 de
901 1016 1078 1082 huiusmodi
1105 1018 1259 1100 tinanibus
1289 1019 1474 1100 phrasibus*

298 1119 534 1202 disputavimus
556 1117 670 1198 quibus
694 1135 727 1180 se
749 1118 815 1197 ipse
837 1118 926 1197 quasi
949 1123 1112 1182 canentem
1135 1123 1167 1182 et
1188 1119 1371 1200 psallentem
1392 1120 1472 1185 Pin-

298 1222 396 1286 darus
427 1219 583 1302 depingit,
611 1216 695 1281 chori
724 1217 844 1280 ratione
872 1235 931 1281 non
962 1216 1086 1294 habita;
1122 1235 1221 1298 neque
1249 1224 1354 1284 autem
1385 1219 1473 1284 huuc

297 1321 416 1399 solum,
446 1318 620 1383 sedetiam
653 1317 801 1398 temporis
824 1334 945 1380 ornnem
974 1319 1127 1382 rationem
1154 1317 1257 1382 verbis
1284 1319 1349 1383 suis
1374 1318 1473 1400 plane

298 1420 457 1500 negligere
478 1417 569 1482 solet.

379 1521 428 1584 lta
452 1535 544 1599 saepe
572 1518 658 1581 cauit
678 1516 855 1596 Pindarus,
886 1521 1044 1597 tamquam
1066 1517 1232 1598 epistulam
1262 1518 1397 1600 scribat3
1432 1535 1474 1582 ac

297 1621 397 1684 minus
417 1619 511 1682 etiam
535 1634 627 1697 quam
649 1617 780 1680 Romani
803 1616 954 1697 epistulas
977 1616 1149 1682 scribentes
1169 1619 1247 1698 aius,
1268 1619 1320 1700 qui
1344 1619 1472 1700 accipit,

297 1719 508 1785 condicionem
542 1718 696 1798 respicere
727 1717 817 1780 solet.
860 1733 921 1798 qua
947 1717 977 1780 in
1008 1718 1235 1784 cousuetudine
1262 1737 1318 1782 nos
1339 1718 1469 1799 quidam

297 1819 437 1898 legentes
457 1817 583 1881 Pindari
604 1816 741 1881 carmina
761 1833 820 1879 non
843 1815 950 1879 statim
972 1815 1163 1899 offendimus
1186 1818 1241 1882 sed
1264 1818 1373 1882 miram
1397 1836 1470 1882 eam

295 1918 392 1983 videri
415 1935 542 1981 necesse
562 1921 627 1994 est,
650 1915 799 1996 siquidem
822 1915 876 1994 qui
899 1915 1025 1979 chorum
1050 1916 1218 1981 saltantem
1240 1917 1405 1996 videbant,
1429 1917 1471 1980 de

296 2017 353 2082 hac
375 2018 443 2098 ipsa
459 2016 582 2080 actione
600 2034 670 2079 eum
693 2014 801 2079 futuro
824 2019 964 2095 tempore
982 2015 1077 2079 verba
1100 2016 1266 2081 facientem
1285 2017 1470 2081 audiebant.

296 2117 353 2180 hoc
383 2115 476 2196 Leop.
506 2113 712 2180 Schmidtium
743 2114 890 2194 adduxit,
920 2119 955 2178 ut
984 2114 1132 2178 nonnulla
1162 2115 1299 2180 carmina
1329 2135 1363 2180 re
1392 2134 1470 2180 vera

296 2216 447 2296 epistulas
470 2233 539 2278 esse
568 2218 740 2291 statueret,
770 2230 848 2292 quas
878 2231 939 2277 nou
969 2213 1077 2278 liceret
1106 2216 1232 2280 credere
1260 2221 1405 2280 cantatas
1433 2233 1473 2280 ac

297 2315 429 2380 saltatas
451 2331 518 2377 esse
541 2311 592 2395 (ci.
615 2310 714 2376 ad0.
731 2316 777 2392 ll,
799 2312 835 2375 P.
847 2313 888 2393 t),
910 2311 1034 2392 aliaque
1056 2315 1194 2378 carmina
1218 2314 1331 2395 respici
1351 2315 1472 2378 diceret

296 2415 380 2494 locis,
403 2413 515 2495 quibus
532 2410 607 2476 nibil
626 2411 743 2490 obstat,
766 2411 932 2494 quominus
951 2413 1057 2494 ipsius,
1078 2415 1160 2494 quod
1177 2415 1297 2496 pangit,
1320 2415 1468 2479 carminis

295 2515 446 2580 actionem
476 2513 583 2577 futuro
615 2520 755 2592 tempore
784 2509 951 2589 significari
978 2512 1141 2578 credamus
1172 2514 1227 2597 (cf.
1254 2513 1291 2579 Ο.
1311 2517 1339 2578 6.
1367 2513 1407 2579 Ν.
1425 2515 1470 2593 d).

295 2621 328 2678 at
353 2631 426 2678 veno
455 2630 524 2678 cum
547 2631 606 2676 non
638 2610 730 2674 credo
753 2610 815 2673 iam
845 2615 921 2675 tunc
943 2613 1080 2676 carmina
1105 2614 1298 2695 rythmorum
1323 2614 1469 2696 magnifi-

296 2715 397 2779 centia
417 2713 551 2793 iusignia
569 2711 623 2793 (de
638 2727 701 2791 qua
719 2709 860 2774 Schmidt
875 2710 942 2789 ipse
963 2710 1004 2775 ad
1023 2711 1056 2777 P.
1075 2717 1092 2776 2
1112 2716 1228 2794 monet)
1245 2715 1284 2777 ad
1303 2714 1470 2779 lectionem

295 2814 391 2878 solam
419 2812 594 2891 conscripta
621 2827 706 2890 esse,
739 2813 805 2873 tum
833 2810 1002 2874 secundum
1026 2811 1188 2876 Schmidtii
1214 2814 1353 2877 rationes
1382 2813 1469 2878 haud

296 2913 396 2978 multa
419 2912 549 2977 Pindari
572 2911 710 2975 carmina
732 2909 908 2990 restabunt,
931 2927 1013 2991 quae
1034 2928 1108 2974 vera
1127 2913 1261 2992 epinicia
1283 2931 1351 2977 esse
1375 2912 1470 2977 liceat

295 3020 447 3077 statuere.
490 3010 577 3075 velut
605 3009 753 3075 Isthmiae
782 3009 794 3071 l
825 3009 942 3088 primos
971 3027 1096 3089 versus,
1127 3012 1242 3093 quibus
1274 3012 1357 3076 aliud
1388 3031 1470 3093 opus

295 3129 364 3176 sese
380 3111 625 3190 interrupturum
644 3107 820 3190 profitetur,
840 3112 876 3170 ut
893 3107 951 3172 hoc
970 3126 1095 3174 carmen
1115 3109 1270 3192 conficiat,
1290 3129 1393 3176 nonne
1413 3113 1470 3176 mi·

294 3231 362 3275 rum
385 3216 434 3274 est
463 3217 500 3274 ut
519 3215 641 3291 partem
670 3209 768 3289 ipsius
799 3206 892 3270 huius
921 3210 1067 3273 carminis
1096 3210 1232 3275 achoro
1261 3212 1353 3275 caui?
1395 3230 1468 3275 num

296 3327 368 3373 vero
397 3309 465 3373 ideo
495 3309 658 3373 credamus
678 3307 851 3372 Pindarum
883 3305 1000 3371 homini
1030 3309 1173 3389 populari
1199 3310 1360 3374 victoriam
1390 3310 1470 3374 ludi-

296 3427 379 3474 cram
400 3414 492 3473 nacto
515 3408 582 3472 sola
601 3407 735 3488 epistula
758 3404 952 3485 gratulatum
971 3407 1064 3471 essai
1106 3426 1146 3471 an
1170 3409 1291 3489 epinioii
1312 3428 1470 3491 praenun-

295 3509 371 3572 tiam
394 3507 562 3592 epistulam
583 3507 680 3571 fuisse
702 3511 888 3582 statuamus
911 3523 994 3586 quae
1015 3506 1082 3587 ipsa
1106 3507 1227 3586 epinicii
1244 3515 1354 3589 partes
1376 3527 1468 3590 quam

295 3608 465 3673 iustissime
495 3606 660 3687 expleret?
702 3622 782 3685 quae
807 3603 842 3668 Ο.
870 3605 972 3685 tuat
1000 3609 1032 3668 et
1064 3604 1096 3669 P.
1117 3606 1165 3685 10,
1183 3607 1223 3671 55
1252 3609 1342 3689 quasi
1364 3608 1469 3673 lutura

295 3707 467 3772 all'eruntnr
482 3707 558 3787 quin
580 3705 621 3769 ad
639 3706 708 3786 ipsa
726 3703 802 3766 haec
817 3704 956 3767 carmina
974 3704 1167 3786 pertincant,
1192 3706 1327 3771 dubitari
1347 3709 1466 3788 nequit,

293 3807 435 3887 quamvis
467 3811 599 3885 uterque
632 3805 717 3868 locus
751 3802 803 3866 fini
837 3820 927 3882 quam
960 3804 1048 3867 initio
1076 3805 1222 3870 carminis
1255 3806 1383 3888 propior
1415 3809 1468 3870 sit.

293 3906 376 3987 quod
397 3906 434 3970 0.
451 3908 481 3986 9,
493 3907 532 3968 lo
552 3907 716 3969 Locrorum
740 3901 849 3965 laudes
867 3909 1032 3966 exsecutus
1050 3905 1158 3970 addit:
1178 3907 1303 3990 ιπαντᾷ
1318 3905 1470 3987 ἀγγελίαν

293 4015 420 4092 πέμψω
442 4003 588 4084 aaduau’,
618 4002 695 4068 illud
718 4008 864 4081 πέμπειν
894 4002 952 4066 hoc
974 4002 1041 4082 ipso
1065 4005 1201 4069 carmine
1223 4003 1260 4069 fit
1284 4023 1384 4086 neque
1405 4005 1467 4067 iam

292 4103 431 4168 futurum
454 4107 503 4164 est
524 4120 561 4166 eo
587 4111 741 4188 tempore,
769 4118 830 4182 quo
853 4118 977 4165 carmen
1000 4103 1133 4168 canitur.
1176 4105 1204 4169 J.
1227 4103 1249 4169 8
1268 4105 1363 4188 (7),8
1390 4121 1468 4184 pan-
