<?xml version="1.0" encoding="UTF-8"?>
<!DOCTYPE html PUBLIC "-//W3C//DTD XHTML 1.0 Transitional//EN"
    "http://www.w3.org/TR/xhtml1/DTD/xhtml1-transitional.dtd">
<html xmlns="http://www.w3.org/1999/xhtml" xml:lang="en" lang="en">
 <head>
  <title>
</title>
<meta http-equiv="Content-Type" content="text/html;charset=utf-8" />
  <meta name='ocr-system' content='tesseract 3.04.00' />
  <meta name='ocr-capabilities' content='ocr_page ocr_carea ocr_par ocr_line ocrx_word'/>
</head>
<body>
  <div class='ocr_page' id='page_1' title='image "./degraecourmvete00grafgoog_0077.png"; bbox 0 0 3244 4976; ppageno 0'>
   <div class='ocr_carea' id='block_1_1' title="bbox 769 374 811 441">
    <p class='ocr_par' dir='ltr' id='par_1_1' title="bbox 769 374 811 441">
     <span class='ocr_line' id='line_1_1' title="bbox 769 374 811 441; baseline -0.024 0"><span class='ocrx_word' id='word_1_1' title='bbox 769 374 811 441; x_wconf 82' lang='lat'><strong>69</strong></span> 
     </span>
    </p>
   </div>
   <div class='ocr_carea' id='block_1_2' title="bbox 203 547 1376 3623">
    <p class='ocr_par' dir='ltr' id='par_1_2' title="bbox 209 547 1374 1411">
     <span class='ocr_line' id='line_1_2' title="bbox 210 547 1374 633; baseline 0.005 -21"><span class='ocrx_word' id='word_1_2' title='bbox 210 552 313 628; x_wconf 83' lang='lat' dir='ltr'><strong>putat,</strong></span> <span class='ocrx_word' id='word_1_3' title='bbox 337 549 368 612; x_wconf 94' lang='lat' dir='ltr'><strong>in</strong></span> <span class='ocrx_word' id='word_1_4' title='bbox 390 547 495 612; x_wconf 88' lang='lat' dir='ltr'><strong>eodem</strong></span> <span class='ocrx_word' id='word_1_5' title='bbox 518 566 624 614; x_wconf 88' lang='lat' dir='ltr'><strong>errore</strong></span> <span class='ocrx_word' id='word_1_6' title='bbox 645 555 694 614; x_wconf 87' lang='lat' dir='ltr'><strong>est</strong></span> <span class='ocrx_word' id='word_1_7' title='bbox 712 569 749 616; x_wconf 91' lang='lat' dir='ltr'><strong>ac</strong></span> <span class='ocrx_word' id='word_1_8' title='bbox 761 549 923 631; x_wconf 87' lang='lat' dir='ltr'><strong>Wieseler,</strong></span> <span class='ocrx_word' id='word_1_9' title='bbox 946 552 999 633; x_wconf 93' lang='lat' dir='ltr'><strong>qui</strong></span> <span class='ocrx_word' id='word_1_10' title='bbox 1014 551 1128 616; x_wconf 90' lang='lat' dir='ltr'><strong>litteris</strong></span> <span class='ocrx_word' id='word_1_11' title='bbox 1145 575 1195 616; x_wconf 90' lang='grc' dir='ltr'><strong>τιο</strong></span> <span class='ocrx_word' id='word_1_12' title='bbox 1212 575 1261 616; x_wconf 89' lang='grc' dir='ltr'><strong><em>τιυ</em></strong></span> <span class='ocrx_word' id='word_1_13' title='bbox 1278 553 1374 618; x_wconf 89' lang='lat' dir='ltr'><strong>tibiae</strong></span> 
     </span>
     <span class='ocr_line' id='line_1_3' title="bbox 209 646 1374 727; baseline 0.006 -15"><span class='ocrx_word' id='word_1_14' title='bbox 209 652 335 712; x_wconf 87' lang='lat' dir='ltr'><strong>cantum</strong></span> <span class='ocrx_word' id='word_1_15' title='bbox 364 646 404 710; x_wconf 86' lang='lat' dir='ltr'><strong>ab</strong></span> <span class='ocrx_word' id='word_1_16' title='bbox 430 647 641 727; x_wconf 80' lang='lat' dir='ltr'>Aristophane</span> <span class='ocrx_word' id='word_1_17' title='bbox 670 656 812 714; x_wconf 91' lang='lat' dir='ltr'><strong>notatum</strong></span> <span class='ocrx_word' id='word_1_18' title='bbox 840 668 908 714; x_wconf 87' lang='lat' dir='ltr'><strong>esse</strong></span> <span class='ocrx_word' id='word_1_19' title='bbox 939 652 1093 716; x_wconf 88' lang='lat' dir='ltr'><strong>credebat.</strong></span> <span class='ocrx_word' id='word_1_20' title='bbox 1142 653 1220 716; x_wconf 91' lang='lat' dir='ltr'><strong>mira</strong></span> <span class='ocrx_word' id='word_1_21' title='bbox 1251 656 1374 720; x_wconf 88' lang='lat' dir='ltr'><strong>ratione</strong></span> 
     </span>
     <span class='ocr_line' id='line_1_4' title="bbox 209 746 1373 833; baseline 0.007 -23"><span class='ocrx_word' id='word_1_22' title='bbox 209 746 315 828; x_wconf 83' lang='lat' dir='ltr'>Bergk</span> <span class='ocrx_word' id='word_1_23' title='bbox 334 746 487 829; x_wconf 82' lang='lat' dir='ltr'><strong>(bistlltt.</strong></span> <span class='ocrx_word' id='word_1_24' title='bbox 503 749 549 813; x_wconf 94' lang='lat' dir='ltr'><strong>Ill</strong></span> <span class='ocrx_word' id='word_1_25' title='bbox 566 746 639 830; x_wconf 89' lang='grc'>160)</span> <span class='ocrx_word' id='word_1_26' title='bbox 661 749 755 813; x_wconf 89' lang='lat' dir='ltr'><strong>tibiae</strong></span> <span class='ocrx_word' id='word_1_27' title='bbox 776 750 979 814; x_wconf 91' lang='lat' dir='ltr'><strong>imitationem</strong></span> <span class='ocrx_word' id='word_1_28' title='bbox 1002 750 1053 814; x_wconf 91' lang='lat' dir='ltr'><strong>hic</strong></span> <span class='ocrx_word' id='word_1_29' title='bbox 1075 751 1169 830; x_wconf 85' lang='lat' dir='ltr'><strong>videt,</strong></span> <span class='ocrx_word' id='word_1_30' title='bbox 1191 753 1373 833; x_wconf 88' lang='lat' dir='ltr'><strong>quasivero</strong></span> 
     </span>
     <span class='ocr_line' id='line_1_5' title="bbox 209 847 1374 930; baseline 0.006 -19"><span class='ocrx_word' id='word_1_31' title='bbox 209 851 336 929; x_wconf 88' lang='lat' dir='ltr'><strong>propter</strong></span> <span class='ocrx_word' id='word_1_32' title='bbox 364 847 459 911; x_wconf 88' lang='lat' dir='ltr'><strong>tibiae</strong></span> <span class='ocrx_word' id='word_1_33' title='bbox 480 865 572 912; x_wconf 89' lang='lat' dir='ltr'><strong>sonos</strong></span> <span class='ocrx_word' id='word_1_34' title='bbox 596 849 758 930; x_wconf 83' lang='lat' dir='ltr'>Euripides</span> <span class='ocrx_word' id='word_1_35' title='bbox 781 850 922 930; x_wconf 81' lang='lat' dir='ltr'>Aeschyli</span> <span class='ocrx_word' id='word_1_36' title='bbox 944 850 1046 914; x_wconf 91' lang='lat' dir='ltr'><strong>locum</strong></span> <span class='ocrx_word' id='word_1_37' title='bbox 1067 869 1083 914; x_wconf 91' lang='lat' dir='ltr'><strong>e</strong></span> <span class='ocrx_word' id='word_1_38' title='bbox 1105 869 1198 916; x_wconf 88' lang='lat' dir='ltr'><strong>nomo</strong></span> <span class='ocrx_word' id='word_1_39' title='bbox 1221 853 1374 918; x_wconf 87' lang='lat' dir='ltr'><strong>citharoe-</strong></span> 
     </span>
     <span class='ocr_line' id='line_1_6' title="bbox 210 948 1372 1036; baseline 0.003 -23"><span class='ocrx_word' id='word_1_40' title='bbox 210 949 279 1013; x_wconf 91' lang='lat' dir='ltr'><strong>dico</strong></span> <span class='ocrx_word' id='word_1_41' title='bbox 313 953 473 1028; x_wconf 90' lang='lat' dir='ltr'><strong>sumptum</strong></span> <span class='ocrx_word' id='word_1_42' title='bbox 503 948 597 1013; x_wconf 88' lang='lat' dir='ltr'><strong>dicat.</strong></span> <span class='ocrx_word' id='word_1_43' title='bbox 657 955 824 1031; x_wconf 88' lang='lat' dir='ltr'><strong>praeterea</strong></span> <span class='ocrx_word' id='word_1_44' title='bbox 864 949 1079 1031; x_wconf 69' lang='grc' dir='ltr'><strong><em>φλαττοθρατ</em></strong></span> <span class='ocrx_word' id='word_1_45' title='bbox 1116 952 1243 1017; x_wconf 91' lang='lat' dir='ltr'><strong>nimium</strong></span> <span class='ocrx_word' id='word_1_46' title='bbox 1278 971 1372 1036; x_wconf 88' lang='lat' dir='ltr'><strong>quam</strong></span> 
     </span>
     <span class='ocr_line' id='line_1_7' title="bbox 211 1047 1373 1137; baseline 0.005 -25"><span class='ocrx_word' id='word_1_47' title='bbox 211 1047 310 1112; x_wconf 89' lang='lat' dir='ltr'><strong>simile</strong></span> <span class='ocrx_word' id='word_1_48' title='bbox 334 1047 399 1112; x_wconf 84' lang='lat' dir='ltr'><strong>voci</strong></span> <span class='ocrx_word' id='word_1_49' title='bbox 424 1047 565 1129; x_wconf 81' lang='grc' dir='ltr'><strong><em>βλίτυρι,</em></strong></span> <span class='ocrx_word' id='word_1_50' title='bbox 595 1065 675 1129; x_wconf 89' lang='lat' dir='ltr'><strong>quae</strong></span> <span class='ocrx_word' id='word_1_51' title='bbox 696 1049 771 1114; x_wconf 88' lang='lat' dir='ltr'><strong>item</strong></span> <span class='ocrx_word' id='word_1_52' title='bbox 794 1047 899 1114; x_wconf 90' lang='lat' dir='ltr'><strong>fidium</strong></span> <span class='ocrx_word' id='word_1_53' title='bbox 920 1067 1031 1114; x_wconf 93' lang='lat' dir='ltr'><strong>sonum</strong></span> <span class='ocrx_word' id='word_1_54' title='bbox 1054 1050 1219 1131; x_wconf 81' lang='lat' dir='ltr'><strong>significat.</strong></span> <span class='ocrx_word' id='word_1_55' title='bbox 1269 1053 1373 1137; x_wconf 86' lang='lat' dir='ltr'><strong>tibias,</strong></span> 
     </span>
     <span class='ocr_line' id='line_1_8' title="bbox 211 1145 1374 1234; baseline 0.005 -22"><span class='ocrx_word' id='word_1_56' title='bbox 211 1154 245 1213; x_wconf 86' lang='lat' dir='ltr'><strong>ut</strong></span> <span class='ocrx_word' id='word_1_57' title='bbox 255 1166 321 1228; x_wconf 74' lang='lat' dir='ltr'><strong>noe,</strong></span> <span class='ocrx_word' id='word_1_58' title='bbox 344 1149 461 1230; x_wconf 78' lang='grc' dir='ltr'><strong><em>μυγμῷ</em></strong></span> <span class='ocrx_word' id='word_1_59' title='bbox 472 1145 494 1229; x_wconf 88' lang='lat'><strong>¹)</strong></span> <span class='ocrx_word' id='word_1_60' title='bbox 510 1148 725 1213; x_wconf 80' lang='lat' dir='ltr'><strong>imitabantur.</strong></span> <span class='ocrx_word' id='word_1_61' title='bbox 769 1168 827 1213; x_wconf 86' lang='lat' dir='ltr'><strong>vox</strong></span> <span class='ocrx_word' id='word_1_62' title='bbox 838 1147 1003 1234; x_wconf 64' lang='grc' dir='ltr'><strong>ςτήνελλιι’,</strong></span> <span class='ocrx_word' id='word_1_63' title='bbox 1026 1167 1107 1230; x_wconf 90' lang='lat' dir='ltr'><strong>quae</strong></span> <span class='ocrx_word' id='word_1_64' title='bbox 1120 1151 1196 1215; x_wconf 90' lang='lat' dir='ltr'><strong>tibia</strong></span> <span class='ocrx_word' id='word_1_65' title='bbox 1212 1151 1374 1218; x_wconf 88' lang='lat' dir='ltr'><strong>deficiente</strong></span> 
     </span>
     <span class='ocr_line' id='line_1_9' title="bbox 209 1246 1373 1328; baseline 0.004 -16"><span class='ocrx_word' id='word_1_66' title='bbox 209 1246 380 1312; x_wconf 88' lang='lat' dir='ltr'><strong>victoribus</strong></span> <span class='ocrx_word' id='word_1_67' title='bbox 402 1246 613 1328; x_wconf 88' lang='lat' dir='ltr'><strong>accinebatur,</strong></span> <span class='ocrx_word' id='word_1_68' title='bbox 637 1247 762 1312; x_wconf 90' lang='lat' dir='ltr'><strong>minime</strong></span> <span class='ocrx_word' id='word_1_69' title='bbox 782 1248 821 1312; x_wconf 93' lang='lat' dir='ltr'><strong>ob</strong></span> <span class='ocrx_word' id='word_1_70' title='bbox 844 1249 924 1314; x_wconf 87' lang='lat' dir='ltr'><strong>hanc</strong></span> <span class='ocrx_word' id='word_1_71' title='bbox 944 1267 1070 1314; x_wconf 87' lang='lat' dir='ltr'><strong>oausam</strong></span> <span class='ocrx_word' id='word_1_72' title='bbox 1093 1250 1189 1315; x_wconf 90' lang='lat' dir='ltr'><strong>tibiae</strong></span> <span class='ocrx_word' id='word_1_73' title='bbox 1212 1253 1282 1316; x_wconf 90' lang='lat' dir='ltr'><strong>soni</strong></span> <span class='ocrx_word' id='word_1_74' title='bbox 1304 1253 1373 1317; x_wconf 94' lang='lat' dir='ltr'><strong>imi-</strong></span> 
     </span>
     <span class='ocr_line' id='line_1_10' title="bbox 209 1345 510 1411; baseline -0.003 0"><span class='ocrx_word' id='word_1_75' title='bbox 209 1347 361 1411; x_wconf 88' lang='lat' dir='ltr'><strong>tationem</strong></span> <span class='ocrx_word' id='word_1_76' title='bbox 383 1345 510 1410; x_wconf 84' lang='lat' dir='ltr'><strong>indicat.</strong></span> 
     </span>
    </p>

    <p class='ocr_par' dir='ltr' id='par_1_3' title="bbox 208 1445 1375 2026">
     <span class='ocr_line' id='line_1_11' title="bbox 291 1445 1373 1533; baseline 0.005 -23"><span class='ocrx_word' id='word_1_77' title='bbox 291 1445 435 1510; x_wconf 87' lang='lat' dir='ltr'><strong>Alterum</strong></span> <span class='ocrx_word' id='word_1_78' title='bbox 466 1445 676 1510; x_wconf 90' lang='lat' dir='ltr'><strong>testimonium</strong></span> <span class='ocrx_word' id='word_1_79' title='bbox 706 1452 779 1528; x_wconf 90' lang='lat' dir='ltr'><strong>peto</strong></span> <span class='ocrx_word' id='word_1_80' title='bbox 803 1464 840 1510; x_wconf 87' lang='lat' dir='ltr'><strong>ex</strong></span> <span class='ocrx_word' id='word_1_81' title='bbox 864 1447 1083 1529; x_wconf 82' lang='lat' dir='ltr'><strong>Aristophanis</strong></span> <span class='ocrx_word' id='word_1_82' title='bbox 1105 1449 1224 1514; x_wconf 84' lang='lat' dir='ltr'><strong>Avibus</strong></span> <span class='ocrx_word' id='word_1_83' title='bbox 1249 1450 1290 1533; x_wconf 88' lang='lat' dir='ltr'><strong>(v.</strong></span> <span class='ocrx_word' id='word_1_84' title='bbox 1314 1457 1373 1516; x_wconf 79' lang='lat'><strong>737</strong></span> 
     </span>
     <span class='ocr_line' id='line_1_12' title="bbox 209 1545 1375 1628; baseline 0.006 -18"><span class='ocrx_word' id='word_1_85' title='bbox 209 1547 334 1628; x_wconf 85' lang='grc'><strong>-784).</strong></span> <span class='ocrx_word' id='word_1_86' title='bbox 386 1564 485 1626; x_wconf 89' lang='lat' dir='ltr'><strong>neque</strong></span> <span class='ocrx_word' id='word_1_87' title='bbox 513 1546 594 1609; x_wconf 89' lang='lat' dir='ltr'><strong>enim</strong></span> <span class='ocrx_word' id='word_1_88' title='bbox 623 1545 712 1609; x_wconf 90' lang='lat' dir='ltr'><strong>licuit</strong></span> <span class='ocrx_word' id='word_1_89' title='bbox 738 1546 940 1628; x_wconf 84' lang='lat' dir='ltr'><strong>Aristophani</strong></span> <span class='ocrx_word' id='word_1_90' title='bbox 970 1549 1075 1614; x_wconf 89' lang='lat' dir='ltr'><strong>avium</strong></span> <span class='ocrx_word' id='word_1_91' title='bbox 1104 1552 1300 1616; x_wconf 88' lang='lat' dir='ltr'><strong>teretismata</strong></span> <span class='ocrx_word' id='word_1_92' title='bbox 1329 1554 1375 1617; x_wconf 87' lang='lat' dir='ltr'><strong>ita</strong></span> 
     </span>
     <span class='ocr_line' id='line_1_13' title="bbox 208 1646 1373 1731; baseline 0.003 -17"><span class='ocrx_word' id='word_1_93' title='bbox 208 1647 351 1714; x_wconf 87' lang='lat' dir='ltr'><strong>versibus</strong></span> <span class='ocrx_word' id='word_1_94' title='bbox 372 1646 580 1726; x_wconf 81' lang='lat' dir='ltr'><strong>interponere,</strong></span> <span class='ocrx_word' id='word_1_95' title='bbox 609 1651 644 1710; x_wconf 89' lang='lat' dir='ltr'><strong>ut</strong></span> <span class='ocrx_word' id='word_1_96' title='bbox 666 1647 839 1712; x_wconf 86' lang='lat' dir='ltr'><strong>sententias</strong></span> <span class='ocrx_word' id='word_1_97' title='bbox 862 1646 979 1731; x_wconf 91' lang='lat' dir='ltr'><strong>ubique</strong></span> <span class='ocrx_word' id='word_1_98' title='bbox 1000 1648 1199 1731; x_wconf 83' lang='lat' dir='ltr'><strong>discerperet,</strong></span> <span class='ocrx_word' id='word_1_99' title='bbox 1221 1652 1279 1716; x_wconf 88' lang='lat' dir='ltr'><strong>nisi</strong></span> <span class='ocrx_word' id='word_1_100' title='bbox 1303 1671 1373 1716; x_wconf 91' lang='lat' dir='ltr'><strong>con-</strong></span> 
     </span>
     <span class='ocr_line' id='line_1_14' title="bbox 208 1744 1374 1830; baseline 0.002 -16"><span class='ocrx_word' id='word_1_101' title='bbox 208 1747 382 1814; x_wconf 88' lang='lat' dir='ltr'><strong>suevissent</strong></span> <span class='ocrx_word' id='word_1_102' title='bbox 404 1744 530 1809; x_wconf 86' lang='lat' dir='ltr'><strong>theatra</strong></span> <span class='ocrx_word' id='word_1_103' title='bbox 554 1745 832 1810; x_wconf 82' lang='lat' dir='ltr'><strong>instrumentorum</strong></span> <span class='ocrx_word' id='word_1_104' title='bbox 854 1748 1073 1827; x_wconf 77' lang='lat' dir='ltr'><strong>teretismatiS,</strong></span> <span class='ocrx_word' id='word_1_105' title='bbox 1100 1767 1231 1830; x_wconf 91' lang='lat' dir='ltr'><strong>quorum</strong></span> <span class='ocrx_word' id='word_1_106' title='bbox 1254 1751 1374 1816; x_wconf 91' lang='lat' dir='ltr'><strong>vicibus</strong></span> 
     </span>
     <span class='ocr_line' id='line_1_15' title="bbox 209 1843 1374 1926; baseline 0.004 -15"><span class='ocrx_word' id='word_1_107' title='bbox 209 1845 379 1912; x_wconf 88' lang='lat' dir='ltr'><strong>choreutae</strong></span> <span class='ocrx_word' id='word_1_108' title='bbox 406 1844 465 1924; x_wconf 88' lang='lat' dir='ltr'><strong>ipsi</strong></span> <span class='ocrx_word' id='word_1_109' title='bbox 495 1843 620 1908; x_wconf 88' lang='lat' dir='ltr'><strong>vocibus</strong></span> <span class='ocrx_word' id='word_1_110' title='bbox 648 1845 713 1909; x_wconf 90' lang='lat' dir='ltr'><strong>suis</strong></span> <span class='ocrx_word' id='word_1_111' title='bbox 741 1845 926 1926; x_wconf 83' lang='lat' dir='ltr'><strong>iunguntur,</strong></span> <span class='ocrx_word' id='word_1_112' title='bbox 957 1847 1065 1911; x_wconf 90' lang='lat' dir='ltr'><strong>eodem</strong></span> <span class='ocrx_word' id='word_1_113' title='bbox 1087 1849 1179 1913; x_wconf 95' lang='lat' dir='ltr'><strong>modo</strong></span> <span class='ocrx_word' id='word_1_114' title='bbox 1201 1852 1374 1916; x_wconf 87' lang='lat' dir='ltr'><strong>sententias</strong></span> 
     </span>
     <span class='ocr_line' id='line_1_16' title="bbox 209 1943 527 2026; baseline -0.019 -14"><span class='ocrx_word' id='word_1_115' title='bbox 209 1947 386 2026; x_wconf 87' lang='lat' dir='ltr'><strong>discerptas</strong></span> <span class='ocrx_word' id='word_1_116' title='bbox 409 1943 527 2007; x_wconf 84' lang='lat' dir='ltr'><strong>audire.</strong></span> 
     </span>
    </p>

    <p class='ocr_par' dir='ltr' id='par_1_4' title="bbox 203 2042 1376 3623">
     <span class='ocr_line' id='line_1_17' title="bbox 292 2042 1373 2128; baseline 0.006 -20"><span class='ocrx_word' id='word_1_117' title='bbox 292 2043 500 2124; x_wconf 89' lang='lat' dir='ltr'><strong>Quamobrem</strong></span> <span class='ocrx_word' id='word_1_118' title='bbox 529 2061 568 2106; x_wconf 93' lang='lat' dir='ltr'><strong>ne</strong></span> <span class='ocrx_word' id='word_1_119' title='bbox 595 2044 628 2107; x_wconf 93' lang='lat' dir='ltr'><strong>in</strong></span> <span class='ocrx_word' id='word_1_120' title='bbox 657 2043 767 2108; x_wconf 88' lang='lat' dir='ltr'><strong>mediis</strong></span> <span class='ocrx_word' id='word_1_121' title='bbox 793 2042 916 2124; x_wconf 90' lang='lat' dir='ltr'><strong>quidem</strong></span> <span class='ocrx_word' id='word_1_122' title='bbox 938 2045 1075 2126; x_wconf 87' lang='lat' dir='ltr'><strong>strophis</strong></span> <span class='ocrx_word' id='word_1_123' title='bbox 1097 2047 1178 2128; x_wconf 90' lang='lat' dir='ltr'><strong>apud</strong></span> <span class='ocrx_word' id='word_1_124' title='bbox 1201 2047 1373 2114; x_wconf 89' lang='lat' dir='ltr'><strong>Pindarum</strong></span> 
     </span>
     <span class='ocr_line' id='line_1_18' title="bbox 205 2142 1372 2229; baseline 0.003 -19"><span class='ocrx_word' id='word_1_125' title='bbox 205 2150 351 2211; x_wconf 83' lang='lat' dir='ltr'><strong>aromata</strong></span> <span class='ocrx_word' id='word_1_126' title='bbox 368 2145 452 2208; x_wconf 88' lang='lat' dir='ltr'><strong>inter</strong></span> <span class='ocrx_word' id='word_1_127' title='bbox 470 2160 580 2207; x_wconf 88' lang='lat' dir='ltr'><strong>versus</strong></span> <span class='ocrx_word' id='word_1_128' title='bbox 598 2142 794 2207; x_wconf 86' lang='lat' dir='ltr'><strong>intercidisse</strong></span> <span class='ocrx_word' id='word_1_129' title='bbox 812 2143 988 2224; x_wconf 88' lang='lat' dir='ltr'><strong>praefracte</strong></span> <span class='ocrx_word' id='word_1_130' title='bbox 1007 2163 1122 2226; x_wconf 85' lang='lat' dir='ltr'><strong>negare</strong></span> <span class='ocrx_word' id='word_1_131' title='bbox 1139 2147 1249 2212; x_wconf 87' lang='lat' dir='ltr'><strong>ausim.</strong></span> <span class='ocrx_word' id='word_1_132' title='bbox 1298 2149 1372 2229; x_wconf 91' lang='lat' dir='ltr'><strong>quin</strong></span> 
     </span>
     <span class='ocr_line' id='line_1_19' title="bbox 208 2241 1374 2325; baseline 0.002 -15"><span class='ocrx_word' id='word_1_133' title='bbox 208 2246 302 2310; x_wconf 90' lang='lat' dir='ltr'><strong>etiam</strong></span> <span class='ocrx_word' id='word_1_134' title='bbox 333 2243 480 2308; x_wconf 89' lang='lat' dir='ltr'><strong>memoria</strong></span> <span class='ocrx_word' id='word_1_135' title='bbox 508 2241 663 2325; x_wconf 89' lang='lat' dir='ltr'><strong>quaedam</strong></span> <span class='ocrx_word' id='word_1_136' title='bbox 693 2241 784 2307; x_wconf 92' lang='lat' dir='ltr'><strong>huius</strong></span> <span class='ocrx_word' id='word_1_137' title='bbox 812 2243 858 2306; x_wconf 85' lang='lat' dir='ltr'><strong>roi</strong></span> <span class='ocrx_word' id='word_1_138' title='bbox 882 2262 979 2325; x_wconf 90' lang='lat' dir='ltr'><strong>usque</strong></span> <span class='ocrx_word' id='word_1_139' title='bbox 1002 2244 1043 2308; x_wconf 91' lang='lat' dir='ltr'><strong>ad</strong></span> <span class='ocrx_word' id='word_1_140' title='bbox 1066 2245 1271 2311; x_wconf 86' lang='lat' dir='ltr'><strong>Choerobosci</strong></span> <span class='ocrx_word' id='word_1_141' title='bbox 1297 2255 1374 2312; x_wconf 90' lang='lat' dir='ltr'><strong>tem-</strong></span> 
     </span>
     <span class='ocr_line' id='line_1_20' title="bbox 208 2341 1373 2431; baseline 0.005 -24"><span class='ocrx_word' id='word_1_142' title='bbox 208 2361 286 2426; x_wconf 90' lang='lat' dir='ltr'><strong>pora</strong></span> <span class='ocrx_word' id='word_1_143' title='bbox 308 2347 434 2407; x_wconf 86' lang='lat' dir='ltr'><strong>servata</strong></span> <span class='ocrx_word' id='word_1_144' title='bbox 455 2360 523 2406; x_wconf 89' lang='lat' dir='ltr'><strong>esse</strong></span> <span class='ocrx_word' id='word_1_145' title='bbox 543 2341 679 2406; x_wconf 86' lang='lat' dir='ltr'><strong>videtur.</strong></span> <span class='ocrx_word' id='word_1_146' title='bbox 722 2342 835 2406; x_wconf 88' lang='lat' dir='ltr'><strong>etenim</strong></span> <span class='ocrx_word' id='word_1_147' title='bbox 857 2343 887 2406; x_wconf 95' lang='lat' dir='ltr'><strong>in</strong></span> <span class='ocrx_word' id='word_1_148' title='bbox 909 2343 1035 2410; x_wconf 87' lang='lat' dir='ltr'><strong>scholiis</strong></span> <span class='ocrx_word' id='word_1_149' title='bbox 1057 2346 1095 2409; x_wconf 86' lang='lat' dir='ltr'><strong>ad</strong></span> <span class='ocrx_word' id='word_1_150' title='bbox 1118 2346 1244 2426; x_wconf 88' lang='lat' dir='ltr'><strong>Dionys.</strong></span> <span class='ocrx_word' id='word_1_151' title='bbox 1261 2347 1373 2431; x_wconf 55' lang='lat' dir='ltr'><strong>Thrac,</strong></span> 
     </span>
     <span class='ocr_line' id='line_1_21' title="bbox 207 2438 1375 2531; baseline 0.003 -24"><span class='ocrx_word' id='word_1_152' title='bbox 207 2443 319 2525; x_wconf 81' lang='lat' dir='ltr'><strong>(Bekk.</strong></span> <span class='ocrx_word' id='word_1_153' title='bbox 342 2441 450 2506; x_wconf 85' lang='lat' dir='ltr'><strong>anecd.</strong></span> <span class='ocrx_word' id='word_1_154' title='bbox 474 2442 504 2506; x_wconf 89' lang='grc' dir='ltr'><strong>ΙΙ</strong></span> <span class='ocrx_word' id='word_1_155' title='bbox 524 2443 596 2522; x_wconf 77' lang='lat'>751)</span> <span class='ocrx_word' id='word_1_156' title='bbox 626 2438 703 2505; x_wconf 87' lang='lat' dir='ltr'><strong>haec</strong></span> <span class='ocrx_word' id='word_1_157' title='bbox 725 2442 887 2522; x_wconf 82' lang='lat' dir='ltr'><strong>leguntur:</strong></span> <span class='ocrx_word' id='word_1_158' title='bbox 917 2444 1000 2524; x_wconf 77' lang='grc' dir='ltr'><strong><em>μινυὶ</em></strong></span> <span class='ocrx_word' id='word_1_159' title='bbox 1023 2443 1192 2531; x_wconf 82' lang='grc' dir='ltr'><strong><em>ποιήματα</em></strong></span> <span class='ocrx_word' id='word_1_160' title='bbox 1212 2445 1251 2508; x_wconf 77' lang='lat' dir='ltr'><strong>ori</strong></span> <span class='ocrx_word' id='word_1_161' title='bbox 1271 2445 1375 2527; x_wconf 84' lang='grc' dir='ltr'><strong><em>μόνον</em></strong></span> 
     </span>
     <span class='ocr_line' id='line_1_22' title="bbox 208 2539 1376 2628; baseline 0.002 -20"><span class='ocrx_word' id='word_1_162' title='bbox 208 2545 373 2626; x_wconf 76' lang='grc' dir='ltr'><strong><em>ἐμμέτρως</em></strong></span> <span class='ocrx_word' id='word_1_163' title='bbox 394 2549 585 2623; x_wconf 80' lang='grc' dir='ltr'><strong><em>γέγραπται,</em></strong></span> <span class='ocrx_word' id='word_1_164' title='bbox 609 2539 694 2604; x_wconf 66' lang='grc' dir='ltr'><strong>ἄλλά</strong></span> <span class='ocrx_word' id='word_1_165' title='bbox 714 2541 768 2604; x_wconf 81' lang='grc' dir='ltr'><strong>καὶ</strong></span> <span class='ocrx_word' id='word_1_166' title='bbox 790 2541 874 2622; x_wconf 76' lang='lat' dir='ltr'><strong>parci</strong></span> <span class='ocrx_word' id='word_1_167' title='bbox 895 2542 1020 2622; x_wconf 81' lang='grc' dir='ltr'><strong><em>μέλους.</em></strong></span> <span class='ocrx_word' id='word_1_168' title='bbox 1064 2544 1115 2607; x_wconf 80' lang='grc' dir='ltr'><strong>διὸ</strong></span> <span class='ocrx_word' id='word_1_169' title='bbox 1137 2543 1206 2608; x_wconf 84' lang='lat' dir='ltr'><strong>oo&#39;d’</strong></span> <span class='ocrx_word' id='word_1_170' title='bbox 1230 2546 1248 2609; x_wconf 85' lang='grc' dir='ltr'>ὁ</span> <span class='ocrx_word' id='word_1_171' title='bbox 1266 2553 1376 2628; x_wconf 83' lang='grc' dir='ltr'><strong><em>στίχος</em></strong></span> 
     </span>
     <span class='ocr_line' id='line_1_23' title="bbox 207 2639 1375 2730; baseline 0.003 -24"><span class='ocrx_word' id='word_1_172' title='bbox 207 2647 311 2707; x_wconf 82' lang='grc' dir='ltr'><strong><em>κεῖναι</em></strong></span> <span class='ocrx_word' id='word_1_173' title='bbox 329 2643 365 2705; x_wconf 81' lang='grc' dir='ltr'><strong>ἐν</strong></span> <span class='ocrx_word' id='word_1_174' title='bbox 386 2645 436 2725; x_wconf 64' lang='grc' dir='ltr'><strong>τῇ</strong></span> <span class='ocrx_word' id='word_1_175' title='bbox 450 2639 615 2724; x_wconf 77' lang='grc' dir='ltr'><strong><em>σνοιχήσει</em></strong></span> <span class='ocrx_word' id='word_1_176' title='bbox 634 2640 761 2720; x_wconf 77' lang='grc' dir='ltr'><strong><em>τέλειος,</em></strong></span> <span class='ocrx_word' id='word_1_177' title='bbox 783 2639 869 2705; x_wconf 67' lang='lat' dir='ltr'><strong>aad</strong></span> <span class='ocrx_word' id='word_1_178' title='bbox 890 2647 984 2724; x_wconf 84' lang='grc' dir='ltr'><strong><em>μέχρι</em></strong></span> <span class='ocrx_word' id='word_1_179' title='bbox 1002 2647 1062 2706; x_wconf 80' lang='grc' dir='ltr'><strong>τοῦ</strong></span> <span class='ocrx_word' id='word_1_180' title='bbox 1083 2645 1298 2730; x_wconf 82' lang='grc' dir='ltr'><strong><em>α’πηχήματος</em></strong></span> <span class='ocrx_word' id='word_1_181' title='bbox 1319 2651 1375 2730; x_wconf 81' lang='grc' dir='ltr'><strong>τῆς</strong></span> 
     </span>
     <span class='ocr_line' id='line_1_24' title="bbox 206 2737 1375 2828; baseline 0.001 -21"><span class='ocrx_word' id='word_1_182' title='bbox 206 2743 305 2825; x_wconf 82' lang='grc' dir='ltr'><strong><em>λύρας</em></strong></span> <span class='ocrx_word' id='word_1_183' title='bbox 333 2745 432 2818; x_wconf 79' lang='grc' dir='ltr'><strong><em>στίζει</em></strong></span> <span class='ocrx_word' id='word_1_184' title='bbox 462 2740 523 2825; x_wconf 77' lang='grc' dir='ltr'><strong>τήν</strong></span> <span class='ocrx_word' id='word_1_185' title='bbox 548 2737 667 2824; x_wconf 82' lang='grc' dir='ltr'><strong><em>ὁρμήν,</em></strong></span> <span class='ocrx_word' id='word_1_186' title='bbox 697 2740 738 2814; x_wconf 73' lang='grc' dir='ltr'><strong>ὥς</strong></span> <span class='ocrx_word' id='word_1_187' title='bbox 762 2740 840 2822; x_wconf 79' lang='grc' dir='ltr'><strong><em>ὁρᾷς</em></strong></span> <span class='ocrx_word' id='word_1_188' title='bbox 865 2741 909 2804; x_wconf 73' lang='lat' dir='ltr'><strong>roi</strong></span> <span class='ocrx_word' id='word_1_189' title='bbox 930 2745 991 2804; x_wconf 81' lang='grc' dir='ltr'><strong>τοῦ</strong></span> <span class='ocrx_word' id='word_1_190' title='bbox 1010 2743 1180 2826; x_wconf 74' lang='grc' dir='ltr'><strong><em>Πινδάρου</em></strong></span> <span class='ocrx_word' id='word_1_191' title='bbox 1203 2763 1375 2828; x_wconf 80' lang='grc' dir='ltr'><strong><em>συγκεκομ-</em></strong></span> 
     </span>
     <span class='ocr_line' id='line_1_25' title="bbox 207 2840 1374 2924; baseline 0.004 -19"><span class='ocrx_word' id='word_1_192' title='bbox 207 2851 311 2924; x_wconf 74' lang='grc' dir='ltr'><strong><em>μένιυς</em></strong></span> <span class='ocrx_word' id='word_1_193' title='bbox 332 2841 550 2924; x_wconf 70' lang='grc' dir='ltr'><strong><em>ἐκφερόμενυί.</em></strong></span> <span class='ocrx_word' id='word_1_194' title='bbox 599 2857 680 2920; x_wconf 90' lang='lat' dir='ltr'><strong>quae</strong></span> <span class='ocrx_word' id='word_1_195' title='bbox 702 2842 842 2921; x_wconf 88' lang='lat' dir='ltr'><strong>quamvis</strong></span> <span class='ocrx_word' id='word_1_196' title='bbox 864 2840 1057 2905; x_wconf 87' lang='lat' dir='ltr'><strong>subobscura</strong></span> <span class='ocrx_word' id='word_1_197' title='bbox 1079 2844 1160 2922; x_wconf 92' lang='lat' dir='ltr'><strong>sint,</strong></span> <span class='ocrx_word' id='word_1_198' title='bbox 1188 2845 1247 2909; x_wconf 88' lang='lat' dir='ltr'><strong>hoc</strong></span> <span class='ocrx_word' id='word_1_199' title='bbox 1269 2853 1374 2910; x_wconf 87' lang='lat' dir='ltr'><strong>tamen</strong></span> 
     </span>
     <span class='ocr_line' id='line_1_26' title="bbox 207 2939 1374 3026; baseline 0.003 -20"><span class='ocrx_word' id='word_1_200' title='bbox 207 2941 383 3021; x_wconf 81' lang='lat' dir='ltr'><strong>significare</strong></span> <span class='ocrx_word' id='word_1_201' title='bbox 399 2941 560 3004; x_wconf 88' lang='lat' dir='ltr'><strong>videntur:</strong></span> <span class='ocrx_word' id='word_1_202' title='bbox 579 2945 699 3004; x_wconf 91' lang='lat' dir='ltr'><strong>motum</strong></span> <span class='ocrx_word' id='word_1_203' title='bbox 716 2939 899 3014; x_wconf 88' lang='lat' dir='ltr'><strong>rythmicum</strong></span> <span class='ocrx_word' id='word_1_204' title='bbox 912 2939 1031 3026; x_wconf 71' lang='grc' dir='ltr'><strong><em>(ὁρμήν</em></strong></span> <span class='ocrx_word' id='word_1_205' title='bbox 1042 2945 1204 3023; x_wconf 78' lang='grc' dir='ltr'><strong><em>χορευτῶν</em></strong></span> <span class='ocrx_word' id='word_1_206' title='bbox 1218 2944 1374 3010; x_wconf 84' lang='lat' dir='ltr'><strong>Planudes</strong></span> 
     </span>
     <span class='ocr_line' id='line_1_27' title="bbox 206 3037 1374 3125; baseline 0.003 -19"><span class='ocrx_word' id='word_1_207' title='bbox 206 3038 305 3125; x_wconf 73' lang='lat' dir='ltr'><strong>dipem</strong></span> <span class='ocrx_word' id='word_1_208' title='bbox 327 3047 360 3106; x_wconf 88' lang='lat' dir='ltr'><strong>et</strong></span> <span class='ocrx_word' id='word_1_209' title='bbox 382 3045 480 3106; x_wconf 74' lang='grc' dir='ltr'><strong><em>θέσιν</em></strong></span> <span class='ocrx_word' id='word_1_210' title='bbox 502 3039 641 3121; x_wconf 88' lang='lat' dir='ltr'><strong>appellat</strong></span> <span class='ocrx_word' id='word_1_211' title='bbox 662 3037 806 3120; x_wconf 83' lang='lat' dir='ltr'><strong>Westph.</strong></span> <span class='ocrx_word' id='word_1_212' title='bbox 824 3039 855 3102; x_wconf 82' lang='lat' dir='ltr'><strong>l8</strong></span> <span class='ocrx_word' id='word_1_213' title='bbox 874 3040 945 3119; x_wconf 84' lang='lat'>105)</span> <span class='ocrx_word' id='word_1_214' title='bbox 974 3058 1035 3105; x_wconf 91' lang='lat' dir='ltr'><strong>non</strong></span> <span class='ocrx_word' id='word_1_215' title='bbox 1066 3043 1096 3105; x_wconf 92' lang='lat' dir='ltr'><strong>in</strong></span> <span class='ocrx_word' id='word_1_216' title='bbox 1126 3043 1291 3108; x_wconf 87' lang='lat' dir='ltr'><strong>verborum</strong></span> <span class='ocrx_word' id='word_1_217' title='bbox 1312 3045 1374 3110; x_wconf 90' lang='lat' dir='ltr'><strong>fine</strong></span> 
     </span>
     <span class='ocr_line' id='line_1_28' title="bbox 207 3137 1373 3224; baseline 0.001 -17"><span class='ocrx_word' id='word_1_218' title='bbox 207 3161 297 3207; x_wconf 92' lang='lat' dir='ltr'><strong>suum</strong></span> <span class='ocrx_word' id='word_1_219' title='bbox 320 3140 414 3206; x_wconf 88' lang='lat' dir='ltr'><strong>finem</strong></span> <span class='ocrx_word' id='word_1_220' title='bbox 435 3139 569 3218; x_wconf 83' lang='lat' dir='ltr'><strong>habere,</strong></span> <span class='ocrx_word' id='word_1_221' title='bbox 598 3138 655 3203; x_wconf 88' lang='lat' dir='ltr'><strong>sed</strong></span> <span class='ocrx_word' id='word_1_222' title='bbox 678 3137 897 3203; x_wconf 87' lang='lat' dir='ltr'><strong>accedentibus</strong></span> <span class='ocrx_word' id='word_1_223' title='bbox 921 3140 1023 3204; x_wconf 87' lang='lat' dir='ltr'><strong>versui</strong></span> <span class='ocrx_word' id='word_1_224' title='bbox 1046 3142 1156 3221; x_wconf 87' lang='lat' dir='ltr'><strong>cuique</strong></span> <span class='ocrx_word' id='word_1_225' title='bbox 1178 3142 1267 3224; x_wconf 89' lang='lat' dir='ltr'><strong>lyrae</strong></span> <span class='ocrx_word' id='word_1_226' title='bbox 1289 3144 1373 3208; x_wconf 87' lang='lat' dir='ltr'><strong>sonis</strong></span> 
     </span>
     <span class='ocr_line' id='line_1_29' title="bbox 207 3237 1372 3323; baseline 0.002 -17"><span class='ocrx_word' id='word_1_227' title='bbox 207 3242 366 3323; x_wconf 83' lang='lat' dir='ltr'><strong>rythmum</strong></span> <span class='ocrx_word' id='word_1_228' title='bbox 396 3239 541 3322; x_wconf 90' lang='lat' dir='ltr'><strong>compleri</strong></span> <span class='ocrx_word' id='word_1_229' title='bbox 580 3237 712 3322; x_wconf 79' lang='grc' dir='ltr'><strong><em>(στίζειν</em></strong></span> <span class='ocrx_word' id='word_1_230' title='bbox 737 3267 776 3290; x_wconf 92' lang='lat'>=</span> <span class='ocrx_word' id='word_1_231' title='bbox 796 3239 878 3303; x_wconf 90' lang='lat' dir='ltr'><strong>ictus</strong></span> <span class='ocrx_word' id='word_1_232' title='bbox 907 3239 1077 3320; x_wconf 89' lang='lat' dir='ltr'><strong>rythmicos</strong></span> <span class='ocrx_word' id='word_1_233' title='bbox 1106 3241 1243 3307; x_wconf 88' lang='lat' dir='ltr'><strong>indicare</strong></span> <span class='ocrx_word' id='word_1_234' title='bbox 1272 3245 1372 3309; x_wconf 91' lang='lat' dir='ltr'><strong>Anon.</strong></span> 
     </span>
     <span class='ocr_line' id='line_1_30' title="bbox 206 3339 1373 3423; baseline 0.003 -19"><span class='ocrx_word' id='word_1_235' title='bbox 206 3341 284 3406; x_wconf 93' lang='lat' dir='ltr'><strong>Bcll.</strong></span> <span class='ocrx_word' id='word_1_236' title='bbox 306 3340 407 3423; x_wconf 67' lang='lat' dir='ltr'><strong>§85h</strong></span> <span class='ocrx_word' id='word_1_237' title='bbox 448 3339 669 3421; x_wconf 87' lang='lat' dir='ltr'><strong>aequalitatem</strong></span> <span class='ocrx_word' id='word_1_238' title='bbox 690 3343 861 3403; x_wconf 89' lang='lat' dir='ltr'><strong>metrorum</strong></span> <span class='ocrx_word' id='word_1_239' title='bbox 884 3339 1095 3422; x_wconf 85' lang='lat' dir='ltr'><strong>quaerebant,</strong></span> <span class='ocrx_word' id='word_1_240' title='bbox 1119 3361 1186 3406; x_wconf 93' lang='lat' dir='ltr'><strong>cum</strong></span> <span class='ocrx_word' id='word_1_241' title='bbox 1209 3343 1373 3408; x_wconf 89' lang='lat' dir='ltr'><strong>varietatis</strong></span> 
     </span>
     <span class='ocr_line' id='line_1_31' title="bbox 205 3438 1373 3525; baseline 0.002 -20"><span class='ocrx_word' id='word_1_242' title='bbox 205 3447 404 3506; x_wconf 86' lang='lat' dir='ltr'><strong>venustatem</strong></span> <span class='ocrx_word' id='word_1_243' title='bbox 416 3441 534 3516; x_wconf 89' lang='lat' dir='ltr'><strong>sentire</strong></span> <span class='ocrx_word' id='word_1_244' title='bbox 546 3438 780 3514; x_wconf 82' lang='lat' dir='ltr'><strong>dedidicissent3</strong></span> <span class='ocrx_word' id='word_1_245' title='bbox 803 3457 896 3520; x_wconf 89' lang='lat' dir='ltr'><strong>quam</strong></span> <span class='ocrx_word' id='word_1_246' title='bbox 907 3439 1099 3520; x_wconf 83' lang='lat' dir='ltr'><strong>Augustinus</strong></span> <span class='ocrx_word' id='word_1_247' title='bbox 1119 3441 1174 3524; x_wconf 89' lang='lat' dir='ltr'><strong>(de</strong></span> <span class='ocrx_word' id='word_1_248' title='bbox 1188 3461 1264 3507; x_wconf 90' lang='lat' dir='ltr'><strong>mus.</strong></span> <span class='ocrx_word' id='word_1_249' title='bbox 1280 3443 1299 3506; x_wconf 89' lang='lat' dir='ltr'><strong>l.</strong></span> <span class='ocrx_word' id='word_1_250' title='bbox 1313 3444 1373 3525; x_wconf 85' lang='lat' dir='ltr'><strong>IV)</strong></span> 
     </span>
     <span class='ocr_line' id='line_1_32' title="bbox 203 3537 1374 3623; baseline 0.003 -19"><span class='ocrx_word' id='word_1_251' title='bbox 203 3541 379 3606; x_wconf 85' lang='lat' dir='ltr'><strong>intervallis</strong></span> <span class='ocrx_word' id='word_1_252' title='bbox 408 3544 564 3622; x_wconf 87' lang='lat' dir='ltr'><strong>quotquot</strong></span> <span class='ocrx_word' id='word_1_253' title='bbox 591 3537 711 3603; x_wconf 88' lang='lat' dir='ltr'><strong>libebat</strong></span> <span class='ocrx_word' id='word_1_254' title='bbox 740 3555 896 3602; x_wconf 91' lang='lat' dir='ltr'><strong>morarum</strong></span> <span class='ocrx_word' id='word_1_255' title='bbox 926 3539 1005 3602; x_wconf 88' lang='lat' dir='ltr'><strong>satis</strong></span> <span class='ocrx_word' id='word_1_256' title='bbox 1034 3538 1157 3605; x_wconf 79' lang='lat' dir='ltr'><strong>inficere</strong></span> <span class='ocrx_word' id='word_1_257' title='bbox 1178 3541 1374 3623; x_wconf 86' lang='lat' dir='ltr'><strong>interpositis</strong></span> 
     </span>
    </p>
   </div>
   <div class='ocr_carea' id='block_1_3' title="bbox 205 3711 1374 4204">
    <p class='ocr_par' dir='ltr' id='par_1_5' title="bbox 205 3711 1374 4204">
     <span class='ocr_line' id='line_1_33' title="bbox 276 3711 1373 3787; baseline -0.003 -16"><span class='ocrx_word' id='word_1_258' title='bbox 276 3717 301 3787; x_wconf 94' lang='grc'><strong>1)</strong></span> <span class='ocrx_word' id='word_1_259' title='bbox 328 3717 400 3779; x_wconf 83' lang='grc' dir='ltr'><strong><em>μυμῖι</em></strong></span> <span class='ocrx_word' id='word_1_260' title='bbox 419 3715 465 3770; x_wconf 87' lang='lat' dir='ltr'><strong>Ar.</strong></span> <span class='ocrx_word' id='word_1_261' title='bbox 484 3733 546 3784; x_wconf 85' lang='lat' dir='ltr'><strong>equ.</strong></span> <span class='ocrx_word' id='word_1_262' title='bbox 566 3715 598 3769; x_wconf 88' lang='lat'><strong>10</strong></span> <span class='ocrx_word' id='word_1_263' title='bbox 616 3737 651 3761; x_wconf 93' lang='lat'>=</span> <span class='ocrx_word' id='word_1_264' title='bbox 668 3712 817 3766; x_wconf 89' lang='lat' dir='ltr'><strong>hm—hm</strong></span> <span class='ocrx_word' id='word_1_265' title='bbox 836 3711 880 3783; x_wconf 84' lang='lat' dir='ltr'><strong>(of.</strong></span> <span class='ocrx_word' id='word_1_266' title='bbox 899 3712 1013 3782; x_wconf 76' lang='lat' dir='ltr'><strong>Lysisbr.</strong></span> <span class='ocrx_word' id='word_1_267' title='bbox 1032 3713 1097 3767; x_wconf 78' lang='lat'><strong>294:</strong></span> <span class='ocrx_word' id='word_1_268' title='bbox 1121 3716 1150 3766; x_wconf 84' lang='grc' dir='ltr'><strong>τὸ</strong></span> <span class='ocrx_word' id='word_1_269' title='bbox 1169 3717 1222 3784; x_wconf 69' lang='lat' dir='ltr'><strong>accip</strong></span> <span class='ocrx_word' id='word_1_270' title='bbox 1242 3723 1373 3785; x_wconf 68' lang='grc' dir='ltr'><strong><em>φυσητέον·</em></strong></span> 
     </span>
     <span class='ocr_line' id='line_1_34' title="bbox 205 3798 1374 3872; baseline 0.003 -18"><span class='ocrx_word' id='word_1_271' title='bbox 205 3801 240 3864; x_wconf 75' lang='grc' dir='ltr'><strong>φῦ</strong></span> <span class='ocrx_word' id='word_1_272' title='bbox 249 3803 291 3868; x_wconf 65' lang='lat' dir='ltr'><strong>ou,</strong></span> <span class='ocrx_word' id='word_1_273' title='bbox 310 3801 606 3872; x_wconf 60' lang='lat' dir='ltr'><strong>scholaraprmypapai),</strong></span> <span class='ocrx_word' id='word_1_274' title='bbox 625 3817 709 3870; x_wconf 84' lang='lat' dir='ltr'><strong>quam</strong></span> <span class='ocrx_word' id='word_1_275' title='bbox 728 3801 925 3870; x_wconf 68' lang='grc' dir='ltr'><strong><em>παρυπιγραφὴν</em></strong></span> <span class='ocrx_word' id='word_1_276' title='bbox 944 3798 1049 3854; x_wconf 81' lang='lat' dir='ltr'><strong>librarii</strong></span> <span class='ocrx_word' id='word_1_277' title='bbox 1069 3807 1179 3869; x_wconf 76' lang='lat' dir='ltr'><strong>praeter</strong></span> <span class='ocrx_word' id='word_1_278' title='bbox 1197 3818 1254 3856; x_wconf 83' lang='lat' dir='ltr'><strong>rem</strong></span> <span class='ocrx_word' id='word_1_279' title='bbox 1273 3802 1374 3858; x_wconf 79' lang='lat' dir='ltr'><strong>curiosi</strong></span> 
     </span>
     <span class='ocr_line' id='line_1_35' title="bbox 206 3885 1374 3958; baseline 0 -14"><span class='ocrx_word' id='word_1_280' title='bbox 206 3890 241 3944; x_wconf 84' lang='lat' dir='ltr'><strong>ad</strong></span> <span class='ocrx_word' id='word_1_281' title='bbox 267 3889 368 3944; x_wconf 83' lang='lat' dir='ltr'><strong>iustam</strong></span> <span class='ocrx_word' id='word_1_282' title='bbox 392 3889 512 3943; x_wconf 81' lang='lat' dir='ltr'><strong>trimetri</strong></span> <span class='ocrx_word' id='word_1_283' title='bbox 538 3887 655 3941; x_wconf 82' lang='lat' dir='ltr'><strong>sormam</strong></span> <span class='ocrx_word' id='word_1_284' title='bbox 679 3886 853 3955; x_wconf 79' lang='lat' dir='ltr'><strong>redegerunt.</strong></span> <span class='ocrx_word' id='word_1_285' title='bbox 898 3885 1006 3956; x_wconf 86' lang='lat' dir='ltr'><strong>syllaba</strong></span> <span class='ocrx_word' id='word_1_286' title='bbox 1029 3908 1064 3947; x_wconf 86' lang='grc' dir='ltr'><strong><em>μυ</em></strong></span> <span class='ocrx_word' id='word_1_287' title='bbox 1092 3889 1175 3956; x_wconf 83' lang='lat' dir='ltr'><strong>prout</strong></span> <span class='ocrx_word' id='word_1_288' title='bbox 1202 3891 1302 3958; x_wconf 84' lang='lat' dir='ltr'><strong>aperto</strong></span> <span class='ocrx_word' id='word_1_289' title='bbox 1331 3890 1374 3944; x_wconf 88' lang='lat' dir='ltr'><strong>vel</strong></span> 
     </span>
     <span class='ocr_line' id='line_1_36' title="bbox 206 3972 1374 4048; baseline -0.001 -20"><span class='ocrx_word' id='word_1_290' title='bbox 206 3974 299 4029; x_wconf 86' lang='lat' dir='ltr'><strong>clauso</strong></span> <span class='ocrx_word' id='word_1_291' title='bbox 325 3991 371 4028; x_wconf 91' lang='lat' dir='ltr'><strong>ore</strong></span> <span class='ocrx_word' id='word_1_292' title='bbox 394 3975 548 4044; x_wconf 87' lang='lat' dir='ltr'><strong>profertur,</strong></span> <span class='ocrx_word' id='word_1_293' title='bbox 575 3973 714 4044; x_wconf 86' lang='lat' dir='ltr'><strong>mugitum</strong></span> <span class='ocrx_word' id='word_1_294' title='bbox 733 3975 783 4027; x_wconf 82' lang='lat' dir='ltr'><strong>aab</strong></span> <span class='ocrx_word' id='word_1_295' title='bbox 804 3973 934 4042; x_wconf 89' lang='lat' dir='ltr'><strong>loquendi</strong></span> <span class='ocrx_word' id='word_1_296' title='bbox 952 3972 1150 4028; x_wconf 84' lang='lat' dir='ltr'><strong>abstinentiam</strong></span> <span class='ocrx_word' id='word_1_297' title='bbox 1168 3974 1214 4044; x_wconf 86' lang='lat' dir='ltr'><strong>(cl.</strong></span> <span class='ocrx_word' id='word_1_298' title='bbox 1232 3977 1374 4048; x_wconf 78' lang='grc' dir='ltr'><strong><em>μυστήρια)</em></strong></span> 
     </span>
     <span class='ocr_line' id='line_1_37' title="bbox 206 4058 1372 4134; baseline 0.002 -22"><span class='ocrx_word' id='word_1_299' title='bbox 206 4059 359 4129; x_wconf 79' lang='lat' dir='ltr'><strong>significat;</strong></span> <span class='ocrx_word' id='word_1_300' title='bbox 394 4060 486 4116; x_wconf 88' lang='lat' dir='ltr'><strong>nescio</strong></span> <span class='ocrx_word' id='word_1_301' title='bbox 519 4077 556 4115; x_wconf 90' lang='lat' dir='ltr'><strong>an</strong></span> <span class='ocrx_word' id='word_1_302' title='bbox 588 4059 653 4114; x_wconf 87' lang='lat' dir='ltr'><strong>hino</strong></span> <span class='ocrx_word' id='word_1_303' title='bbox 684 4058 754 4127; x_wconf 70' lang='grc' dir='ltr'><em>,βοῦς</em></span> <span class='ocrx_word' id='word_1_304' title='bbox 779 4060 821 4112; x_wconf 76' lang='lat' dir='ltr'><strong>dri</strong></span> <span class='ocrx_word' id='word_1_305' title='bbox 845 4059 958 4134; x_wconf 58' lang='lat' dir='ltr'><strong>ytalrvff</strong></span> <span class='ocrx_word' id='word_1_306' title='bbox 992 4059 1101 4129; x_wconf 88' lang='lat' dir='ltr'><strong>(Aesch.</strong></span> <span class='ocrx_word' id='word_1_307' title='bbox 1128 4063 1179 4130; x_wconf 82' lang='lat' dir='ltr'><strong>Ag.</strong></span> <span class='ocrx_word' id='word_1_308' title='bbox 1205 4061 1251 4131; x_wconf 84' lang='lat'><strong>36)</strong></span> <span class='ocrx_word' id='word_1_309' title='bbox 1284 4061 1372 4130; x_wconf 88' lang='lat' dir='ltr'><strong>expli·</strong></span> 
     </span>
     <span class='ocr_line' id='line_1_38' title="bbox 207 4145 390 4204; baseline 0.016 -4"><span class='ocrx_word' id='word_1_310' title='bbox 207 4145 327 4200; x_wconf 85' lang='lat' dir='ltr'><strong>candum</strong></span> <span class='ocrx_word' id='word_1_311' title='bbox 345 4145 390 4204; x_wconf 84' lang='lat' dir='ltr'><strong>sit.</strong></span> 
     </span>
    </p>
   </div>
   <div class='ocr_carea' id='block_1_4' title="bbox 0 0 1626 4976">
    <p class='ocr_par' dir='ltr' id='par_1_6' title="bbox 0 0 1626 4976">
     <span class='ocr_line' id='line_1_39' title="bbox 0 0 1626 4976; baseline 0 0"><span class='ocrx_word' id='word_1_312' title='bbox 0 0 1626 4976; x_wconf 95' lang='lat' dir='ltr'><strong> </strong></span> 
     </span>
    </p>
   </div>
  </div>
 </body>
</html>
