3244 4976
842 369 863 436 4

273 550 342 619 Hal.
367 553 419 638 (de
442 573 467 620 c.
489 574 517 620 v.
539 573 571 636 p.
595 553 634 618 97
646 551 685 634 R)
722 549 1003 634 πολνςιοινότατον
1029 549 1190 613 α’πόντοιν
1213 550 1279 612 τῶν
1301 548 1445 631 ποιητῶν

269 655 424 736 appellat,
455 656 539 719 cuius
566 654 667 718 iudicii
695 652 786 734 quasi
810 651 1067 715 commentarium
1092 652 1233 714 continet
1253 649 1437 713 Philostrati

270 753 356 819 locus
381 754 518 836 (Hercle.
541 773 572 836 p.
594 753 648 816 161
663 751 722 822 Kl:
744 751 803 813 τόν
816 747 958 833 Ὅμηρον
982 798 1039 814 ...
1061 748 1219 831 καθάπερ
1239 749 1275 813 ἐν
1296 748 1439 832 οὲρμονίρι

271 852 401 927 πάντας
423 853 527 938 ψῆλαι
547 851 624 924 τοιλς
644 851 828 934 ποιητικούς
844 854 909 913 τιόν
923 847 1062 932 τρόπων.
1107 848 1143 914 cf.
1160 849 1244 913 Max.
1258 849 1332 932 Tyr.
1346 849 1438 924 94,8:

261 951 399 1037 Ὄμηρος
423 1003 429 1017 .
452 999 458 1014 .
480 1002 486 1016 .
510 950 784 1036 πολυφωνότατος
815 951 869 1014 καὶ
901 950 1005 1023 δεινός
1041 949 1125 1031 όμοῦ
1160 954 1227 1024 τοῖς
1254 949 1364 1022 καλοῖς
1395 930 1438 1010 τολ

272 1051 393 1134 αἰσχροὲ
416 1051 567 1134 ἱστορεῖν.
617 1051 699 1133 quod
730 1052 756 1116 si
786 1053 857 1135 quis
886 1050 992 1130 plures
1015 1050 1099 1114 locos
1121 1055 1284 1130 congerat,
1316 1049 1435 1112 nullum

273 1152 394 1217 conlido
426 1153 584 1216 inventum
615 1153 668 1232 iri,
702 1171 763 1235 quo
792 1170 850 1215 vox
880 1149 1073 1233 πολύφωνος
1100 1151 1165 1214 siue
1194 1151 1352 1231 propriam
1376 1148 1440 1211 sive

274 1251 461 1316 translatam
482 1257 648 1316 concentus
671 1252 825 1314 notionem
849 1249 972 1314 habeat.

359 1359 395 1422 In
418 1357 501 1422 tibiis
522 1377 595 1423 vero
622 1358 787 1438 praecipue
810 1355 993 1421 facultatem
1016 1356 1190 1437 permultos
1213 1374 1308 1420 sonos
1331 1354 1440 1419 edendi

274 1477 329 1522 eos
360 1458 499 1521 imitatos
533 1476 615 1539 esse,
655 1458 707 1538 qni
745 1464 846 1521 artem
877 1456 1009 1522 chordas
1044 1456 1187 1536 pulsandi
1221 1456 1261 1520 ad
1296 1455 1441 1519 tibiarum

277 1557 434 1638 exemplar
463 1559 604 1622 excolere
627 1557 810 1634 studerent,
844 1575 881 1620 ex
904 1555 1043 1620 Platonis
1067 1557 1130 1620 loco
1153 1558 1232 1637 (rep.
1254 1556 1311 1638 Ill,
1333 1557 1394 1621 399
1404 1553 1444 1638 D)

276 1657 395 1733 elucet,
429 1657 482 1740 qui
515 1663 579 1720 tam
609 1663 755 1722 accurate
785 1675 854 1721 cum
876 1655 1047 1720 Plutarcho
1071 1656 1222 1735 concinit,
1254 1662 1289 1720 ut
1312 1656 1351 1720 ad
1374 1675 1441 1719 enm

277 1757 499 1821 illustrandum
528 1776 591 1821 non
621 1758 822 1821 mediocriter
850 1755 963 1820 valeat.
1008 1755 1050 1819 ibi
1079 1757 1242 1832 Socrates,
1273 1763 1441 1839 postquam

279 1856 339 1920 duo
358 1862 483 1920 tantum
502 1857 539 1921 de
558 1862 677 1938 septem
697 1857 846 1937 diapason
865 1857 1032 1936 generibus
1051 1856 1212 1938 probanda
1226 1857 1349 1934 statuit,
1369 1855 1442 1937 quia

279 1955 483 2037 polychordia
505 1958 536 2021 in
558 1975 592 2019 re
612 1957 728 2020 musica
746 1975 823 2036 opus
838 1975 897 2020 non
911 1958 961 2035 sit,
984 1958 1109 2036 trigona
1121 1973 1246 2036 quoque
1260 1960 1291 2018 et
1303 1957 1444 2035 pectides

278 2063 311 2118 et
340 2057 443 2120 omnia
470 2057 699 2136 instrumenta,
730 2073 809 2136 quae
840 2054 1028 2138 πολύχορδα
1057 2062 1089 2119 et
1116 2055 1345 2136 πολυαρμόνια
1372 2056 1445 2134 sint,

280 2155 420 2220 tollenda
448 2160 563 2220 censet.
619 2160 662 2219 Τί
682 2155 736 2231 δὲ;
765 2155 881 2237 inquit,
909 2156 1104 2228 αόλοποιοός
1129 2151 1150 2240 ἥ
1173 2153 1316 2238 αόλητολς
1337 2177 1443 2234 παρα·
1491 2230 1496 2240 ¹

280 2255 366 2330 δέξει
393 2254 438 2329 εἰς
464 2255 525 2340 τήν
549 2255 662 2334 πόλιν;
691 2249 771 2338 ἤοό
793 2257 889 2317 τοῦτο
912 2254 1196 2338 πολυχορδότατον
1215 2255 1268 2316 καὶ
1291 2253 1379 2315 αότοὶ
1400 2253 1444 2314 τοὶ

205 2397 208 2401 -
280 2353 491 2438 παναρμόνια
518 2353 621 2418 ου’λοῦ
644 2354 796 2435 τυγχάνοι
818 2349 900 2418 ὅντα
921 2360 1073 2438 μίμημα,·
1107 2355 1204 2418 totius
1227 2354 1285 2417 loci
1308 2371 1443 2418 conexus

281 2455 371 2520 docet
397 2456 435 2520 de
464 2456 600 2536 plurium
629 2473 736 2520 vocum
758 2461 911 2520 concentu
933 2474 993 2518 non
1018 2456 1088 2535 agi3
1118 2451 1337 2537 παναρμόνια
1363 2454 1443 2516 euim

280 2561 354 2618 sunt
383 2555 478 2619 tibiae
506 2561 539 2619 et
566 2557 777 2620 instrumenta
801 2555 953 2621 multifida
975 2555 1015 2619 ad
1039 2554 1150 2618 harum
1174 2553 1350 2634 exemplum
1372 2571 1445 2616 con-

279 2653 424 2736 formata,
446 2657 519 2737 quia
540 2675 601 2736 quo
623 2656 715 2737 plura
738 2656 783 2719 vel
802 2656 954 2720 foramina
969 2655 1015 2720 vel
1033 2655 1166 2718 chordae
1180 2655 1303 2718 canenti
1316 2658 1444 2734 praesto

282 2760 373 2830 sunt,
394 2755 426 2818 in
450 2773 486 2818 eo
509 2755 614 2835 plures
637 2755 795 2836 ἁρμονίας
817 2758 950 2821 transire
971 2761 1076 2836 potest
1098 2754 1250 2834 (Geraert
1271 2753 1343 2818 hist.
1357 2759 1389 2816 et
1401 2752 1445 2817 th.

281 2854 319 2918 de
341 2854 372 2918 la
393 2873 470 2919 mos.
490 2856 528 2918 de
549 2855 636 2920 l’ant.
660 2856 792 2930 [1245).
832 2856 982 2920 eiusmodi
1003 2854 1189 2942 μεταβολήν
1209 2854 1310 2932 Platol
1324 2852 1374 2915 hic
1396 2868 1445 2913 re-

280 2955 401 3035 pudiat,
427 2974 490 3018 non
505 2954 639 3035 plurium
653 2975 759 3021 vocum
776 2961 968 3022 concentum.
1007 2957 1045 3018 τὸ
1068 2953 1290 3037 εὐμετάβολον
1312 2955 1369 3035 τῆς
1390 2949 1446 3014 ου’-

280 3054 403 3141 λήοεας
430 3073 450 3120 a
475 3055 666 3121 Philostrato
690 3058 762 3140 (vit.
783 3056 882 3139 Apoll.
907 3076 938 3138 p.
961 3057 1035 3138 181)
1066 3056 1224 3120 laudatur.
1275 3059 1385 3118 contra
1414 3052 1445 3114 in

281 3155 455 3220 citharodia
490 3161 565 3220 ante
596 3156 765 3238 Phrynidis
803 3163 946 3238 tempora
977 3164 1173 3238 μεταφέρειν
1202 3155 1262 3228 τας
1291 3153 1449 3234 ἁρμονίας

282 3274 343 3319 non
364 3255 477 3320 licebat
500 3261 580 3320 teste
604 3256 770 3321 Plutarcho
795 3259 848 3338 (de
870 3276 948 3322 mus.
970 3254 1001 3338 d)
1016 3254 1048 3338 ¹).
1096 3253 1315 3337 polychordiae
1340 3257 1446 3316 autem

281 3354 340 3418 hcc
365 3357 499 3420 maxime
526 3357 686 3437 proprium
708 3374 793 3436 esse,
823 3357 905 3437 quod
936 3355 1089 3437 proclives
1116 3354 1228 3418 reddet
1248 3353 1383 3417 musicos
1406 3349 1446 3414 ad

281 3455 373 3519 nimis
394 3455 520 3520 crebros
541 3457 572 3520 iu
594 3456 673 3521 alias
695 3457 871 3521 harmonias
895 3458 1045 3521 transitus
1068 3455 1235 3534 faciendos,
1257 3453 1446 3518 Plutarchus

353 3671 378 3736 l)
396 3669 588 3734 Aristoxenus,
609 3670 659 3740 qui
677 3673 804 3732 οομματιλ
822 3673 967 3732 οομποταιὶ
987 3670 1105 3724 maxime
1123 3670 1159 3724 ad
1176 3667 1329 3725 deflendam
1349 3665 1449 3720 veteris

283 3754 402 3810 musicae
421 3757 553 3811 iacturam
574 3757 735 3826 conscripsit
754 3759 790 3828 (v.
810 3758 884 3811 Plut.
903 3759 938 3812 de
954 3776 1022 3812 mus.
1042 3759 1083 3811 ed.
1103 3755 1250 3826 Westphal
1268 3772 1294 3822 p.
1314 3754 1372 3820 20),
1398 3753 1450 3806 hoc

282 3842 353 3896 libro
378 3845 437 3913 περὶ
459 3843 609 3906 μεταβολῶν
634 3844 718 3898 verba
741 3844 837 3898 fecisse
864 3844 985 3898 traditur
1005 3863 1021 3898 a
1039 3843 1189 3898 Plutarcho
1215 3842 1323 3912 (contra
1341 3840 1449 3912 Epicur.

280 3945 302 3982 c.
323 3929 374 3996 13).
412 3929 486 3998 quod
511 3932 622 3998 propter
647 3947 698 3996 eo,
726 3949 797 3998 quae
817 3932 987 4000 praecedunt
1005 3936 1043 4000 (dv
1061 3936 1192 3998 οομποσιῳ
1211 3930 1372 4000 Θεοφράστου
1392 3928 1450 3994 περὶ

280 4016 428 4075 συμφωνιῶν
446 4016 623 4080 διαλεγομένου
640 4018 681 4068 καλ
696 4019 869 4087 Ἀριστοξένου
888 4021 947 4086 περὶ
962 4018 1118 4084 μεταβολῶν)
1139 4033 1194 4070 non
1209 4015 1274 4070 licet
1284 4032 1344 4068 cum
1358 4014 1450 4068 West·

282 4101 378 4170 phalio
398 4101 427 4170 (l.
439 4101 468 4168 l.)
489 4103 523 4155 de
544 4103 612 4155 artis
633 4103 834 4158 mutationibus
852 4104 1045 4172 interpretari3
1064 4119 1154 4172 neque
1163 4102 1328 4158 Plutarchus
1346 4101 1449 4155 nudam

282 4202 376 4242 vocem
395 4188 541 4252 μεταβολῶν
559 4188 704 4258 posuisset,
723 4189 746 4242 si
763 4189 897 4244 noluisset
915 4191 983 4244 artis
1001 4192 1164 4245 vocobulum
1184 4189 1314 4262 intelligi.
