3244 4976
816 354 857 418 46

265 539 307 603 ibi
330 535 526 601 inscitissime
548 539 580 600 et
602 533 868 614 inelegantissime
894 533 1066 598 instituisse
1089 532 1233 612 refertur,
1254 537 1430 596 memoratu

265 639 390 716 dignum
413 635 570 699 existimat
594 633 752 715 Polybius
774 634 855 716 quod
877 635 998 698 auletas
1020 634 1105 716 μετα
1124 636 1183 696 τοῦ
1205 637 1302 716 χοροῦ
1319 632 1433 697 adleta

264 736 336 819 ἅμα
356 735 486 807 πάντας
507 734 642 797 iusserit.
685 734 717 797 in
741 734 826 798 Senti
850 733 917 798 loco
938 751 1032 814 supra
1056 733 1184 798 laudato
1205 753 1234 798 v.
1258 737 1317 797 283
1337 733 1432 815 αὐλη-

265 840 359 923 τῆρος
381 835 469 899 unius
491 832 606 896 mentio
626 830 679 912 fit3
710 852 770 897 uno
793 833 886 897 etiam
911 833 1041 898 Luciani
1072 833 1266 914 temporibus
1288 835 1431 898 iuvenum

263 934 578 1002 Lacedaemoniorum
600 933 777 996 canentium
801 938 834 996 et
851 932 1034 996 saltantium
1050 933 1162 996 chorus
1180 937 1345 997 contentus
1362 937 1433 996 erat

265 1036 357 1117 (Luc.
389 1035 428 1098 de
452 1032 521 1096 salt.
547 1031 616 1111 10);
650 1050 749 1113 neque
782 1031 1009 1112 dithyrambico
1043 1031 1155 1110 choro,
1188 1051 1277 1113 quem
1308 1033 1433 1096 minime

264 1134 464 1214 simplicitate
495 1131 691 1213 praestitisse
720 1137 855 1209 constat,
885 1131 991 1211 plures
1017 1130 1175 1195 affuerunt
1205 1131 1291 1213 (Luc.
1323 1131 1431 1194 Harm.

265 1242 276 1299 l
304 1234 341 1299 cf.
363 1232 514 1298 Wieseler
546 1231 633 1295 Gtitt.
659 1230 749 1294 Stud.
773 1231 803 1294 ll
835 1232 913 1296 1847
943 1249 972 1311 p.
993 1231 1084 1311 607);
1123 1232 1153 1294 in
1186 1230 1271 1295 chori
1307 1231 1433 1295 victoris

263 1332 466 1412 inscriptione
489 1349 569 1394 unus
592 1329 697 1394 auleta
719 1331 873 1394 nominari
897 1332 980 1395 solet
1009 1330 1190 1411 (Guhrauer
1207 1331 1317 1396 Jahrb.
1342 1332 1432 1411 1880,

263 1437 331 1510 695,
356 1449 385 1495 v.
401 1430 471 1508 lan,
494 1429 586 1493 Verh.
609 1429 637 1493 d.
658 1430 727 1493 Zdr.
742 1430 820 1494 Phil.
844 1449 925 1496 vers.
947 1449 977 1510 p.·
997 1429 1064 1512 83).
1107 1430 1238 1512 perinde
1261 1429 1431 1493 dramatico

264 1531 358 1596 choro
383 1548 476 1594 unum
502 1529 658 1593 tibicinem
680 1530 854 1594 accinuisse
882 1530 1087 1610 colligendum
1110 1549 1147 1595 ex
1171 1529 1331 1593 Demosth.
1354 1528 1430 1592 Mid.

263 1631 333 1713 §13
368 1628 499 1712 (Mulier
523 1628 758 1694 Blihnenaltert.
789 1631 879 1710 331):
913 1629 1118 1714 ιὑπεσχόμην
1149 1629 1210 1711 e’yoi
1243 1626 1434 1713 χορηγήσειν

262 1727 436 1814 ἐθελοντὴς
456 1728 510 1790 καὶ
533 1728 757 1812 κληρουμένων
779 1731 905 1811 πρῶτος
919 1729 1090 1812 αἱρεῖσθαι
1111 1732 1183 1794 οόν
1204 1727 1347 1814 αὐλητήν
1361 1728 1433 1790 ἔλο-

261 1831 337 1911 χοο”,
359 1836 391 1893 et
414 1827 508 1893 schol.
531 1829 584 1893 Ar.
606 1847 689 1909 vesp.
712 1830 791 1894 582:
818 1831 907 1911 ‘tana
930 1820 972 1917 ἧν
991 1832 1027 1894 ἐν
1049 1834 1121 1904 ταῖς
1148 1829 1272 1904 ἐξόδοις
1291 1832 1357 1890 τῶν
1378 1830 1433 1909 τῆς

262 1929 440 2014 τραγῳδίας
465 1929 601 2010 χορικοῖοι
629 1928 812 2010 προςιόπωο
839 1934 1058 2013 προηγεΐσέλαι
1084 1929 1238 2014 αὐλητήν,
1265 1928 1351 1994 ὥστε
1378 1926 1433 1992 οὐ·

262 2031 382 2094 λοῦοοα
411 2041 632 2111 προπέμπειν.
682 2047 752 2094 nam
777 2031 802 2094 si
827 2031 878 2110 qui
909 2030 1019 2094 tibicen
1043 2037 1208 2112 praeterea
1231 2033 1261 2094 in
1284 2049 1429 2096 scaenam

264 2129 419 2211 prodibat,
444 2128 484 2191 ad
508 2127 635 2192 chorum
657 2148 716 2193 non
738 2129 924 2210 pertinebat.

346 2228 445 2310 Atqui
473 2226 577 2307 plures
607 2229 728 2292 auletas
751 2229 855 2309 Bergk
887 2229 975 2311 (hist.
998 2229 1059 2293 litt.
1091 2230 1137 2293 Ill
1170 2228 1240 2311 157)
1270 2229 1428 2293 contendit

262 2325 480 2406 Aristophanis
509 2326 617 2389 Avium
651 2327 743 2390 choro
775 2328 961 2408 praeivisse;
1004 2329 1034 2392 in
1072 2328 1179 2392 eadem
1210 2329 1352 2408 opinione
1380 2335 1428 2392 cst

263 2425 377 2489 Mulier
404 2424 710 2506 (hinloernus)
739 2432 771 2489 et
802 2427 954 2507 probasse
986 2427 1043 2491 lroc
1073 2427 1149 2491 dicit
1171 2426 1372 2491 Wieselerum
1396 2427 1426 2489 in

262 2524 453 2588 adversariis
478 2524 518 2588 ad
541 2526 595 2588 Ar.
613 2526 669 2589 Av.
690 2526 793 2606 (dett.
808 2525 915 2608 1843).
959 2527 1122 2591 dolendum
1144 2526 1296 2606 estquod
1319 2525 1349 2588 hi
1371 2527 1428 2590 viri

258 2625 290 2687 in
313 2642 348 2687 re
367 2629 431 2686 tam
455 2625 607 2703 singulari
630 2643 691 2688 non
714 2632 861 2690 accurate
877 2626 1037 2691 Wieseleri
1061 2631 1247 2705 argumenta
1270 2625 1426 2688 exanima·

259 2728 387 2804 verunt3
410 2721 603 2787 subtilissima
624 2725 703 2787 enim
726 2731 809 2804 sunt,
834 2727 978 2808 quamvis
1001 2727 1100 2790 multa
1124 2725 1322 2790 coacervarit.
1371 2724 1429 2790 hoc

258 2842 352 2887 unum
374 2823 414 2886 ad
440 2822 662 2888 confutandam
684 2824 752 2888 eius
775 2824 948 2906 opinionem
972 2823 1094 2903 sufficit,
1125 2822 1208 2905 quod
1231 2824 1427 2887 teretismata

259 2922 384 3005 (econio,
409 2926 537 3005 τοροτιξ
558 2923 633 3004 etc.)
664 2923 768 2989 verbis
800 2925 987 3005 interposita
1018 2923 1112 2988 tibiae
1139 2928 1264 2987 cantum
1295 2921 1429 2985 indicare

259 3023 369 3087 credit.
411 3023 483 3102 quid
508 3022 634 3087 tandem
656 3024 857 3088 commovisse
868 3023 1110 3105 Aristophanem
1132 3022 1267 3104 putavit,
1292 3026 1327 3084 ut
1347 3020 1429 3084 huuc

259 3143 319 3187 non
340 3123 422 3186 riotis
446 3122 582 3199 musicis,
616 3123 670 3186 sed
692 3123 817 3187 ratione
845 3141 914 3186 cum
947 3123 1070 3186 minime
1102 3120 1263 3186 commoda
1293 3126 1359 3183 tuni
1389 3120 1428 3182 ad

259 3239 351 3286 sonos
374 3221 458 3301 ipsos
481 3219 663 3284 indicandos
687 3221 813 3285 omnino
835 3241 896 3286 non
920 3227 994 3303 apta
1018 3221 1234 3302 significaret?
1265 3225 1427 3300 praeterea

164 3333 169 3343 ·
260 3321 312 3402 qui
342 3320 459 3384 factum
487 3337 555 3383 esse
583 3324 684 3400 putat,
717 3327 753 3385 ut
783 3322 916 3386 omnium
950 3341 1029 3402 quae
1059 3327 1225 3402 supersunt
1247 3320 1426 3382 dramatum

258 3419 317 3484 hoc
344 3437 404 3483 uno
433 3419 500 3483 loco
531 3419 806 3483 instrumentorum
837 3421 904 3485 soni
937 3421 1161 3485 servarentur?
1208 3422 1300 3484 immo
1328 3419 1427 3482 onmis

260 3520 375 3582 musica
404 3518 495 3599 plane
526 3519 656 3598 interiit,
688 3526 912 3600 praeterquam
945 3522 1026 3601 quod
1054 3519 1169 3601 ιαὔλειω
1198 3518 1355 3582 interdum
1378 3517 1427 3580 vel

258 3619 341 3682 iuter
363 3624 475 3698 poetae
497 3617 591 3682 verba
614 3617 661 3680 uel
691 3619 721 3681 iu
744 3619 869 3683 scholiis
892 3619 1083 3700 adscriptum
1106 3619 1272 3683 invenitur.
1320 3623 1354 3679 at
1375 3616 1425 3680 ubi

259 3718 398 3782 homines
421 3735 496 3780 voce
518 3718 796 3782 instrumentorum
827 3736 919 3782 sonos
947 3720 1126 3799 imitantur,
1156 3718 1269 3780 litteris
1292 3716 1427 3795 scriptae

257 3836 347 3882 voces
362 3815 473 3881 horum
489 3835 635 3881 sonorum
651 3818 766 3881 similes
782 3823 921 3897 exstant,
942 3819 1029 3882 velut
1046 3839 1136 3899 popo
1153 3834 1311 3880 servorum
1334 3815 1426 3878 tibias

257 3917 447 3982 imitantium
483 3915 549 3998 (Ar.
581 3935 652 3998 equ.
685 3917 740 3998 10)
770 3924 803 3980 et
836 3917 1051 3999 φλαττοθρατ
1091 3916 1249 3996 Euripidis
1284 3914 1426 3995 Aeschyli

258 4017 338 4081 fides
361 4014 520 4079 irridentis
544 4013 609 4096 (Ar.
620 4035 687 4080 ran.
708 4016 786 4080 man
798 4019 877 4098 sq.);
901 4017 931 4080 in
944 4017 1088 4097 Aeschyli
1112 4022 1207 4080 cantu
1228 4015 1269 4079 ib.
1291 4015 1370 4079 1309
1381 4031 1426 4093 sq.

259 4119 345 4181 nulla
376 4115 546 4178 huiusmodi
579 4135 635 4180 vox
667 4115 835 4194 invenitur,
864 4117 1012 4197 quoniam
1041 4115 1084 4179 illi
1108 4114 1332 4196 Aristophanes
1361 4132 1427 4176 mu-

1591 4669 1599 4923 l
