<?xml version="1.0" encoding="UTF-8"?>
<!DOCTYPE html PUBLIC "-//W3C//DTD XHTML 1.0 Transitional//EN"
    "http://www.w3.org/TR/xhtml1/DTD/xhtml1-transitional.dtd">
<html xmlns="http://www.w3.org/1999/xhtml" xml:lang="en" lang="en">
 <head>
  <title>
</title>
<meta http-equiv="Content-Type" content="text/html;charset=utf-8" />
  <meta name='ocr-system' content='tesseract 3.04.00' />
  <meta name='ocr-capabilities' content='ocr_page ocr_carea ocr_par ocr_line ocrx_word'/>
</head>
<body>
  <div class='ocr_page' id='page_1' title='image "./degraecourmvete00grafgoog_0034.png"; bbox 0 0 3244 4976; ppageno 0'>
   <div class='ocr_carea' id='block_1_1' title="bbox 812 358 851 422">
    <p class='ocr_par' dir='ltr' id='par_1_1' title="bbox 812 358 851 422">
     <span class='ocr_line' id='line_1_1' title="bbox 812 358 851 422; baseline 0 0"><span class='ocrx_word' id='word_1_1' title='bbox 812 358 851 422; x_wconf 67' lang='lat'><strong>26</strong></span> 
     </span>
    </p>
   </div>
   <div class='ocr_carea' id='block_1_2' title="bbox 245 533 1419 1809">
    <p class='ocr_par' dir='ltr' id='par_1_2' title="bbox 247 533 1417 716">
     <span class='ocr_line' id='line_1_2' title="bbox 247 533 1417 618; baseline -0.005 -18"><span class='ocrx_word' id='word_1_2' title='bbox 247 536 353 614; x_wconf 75' lang='lat' dir='ltr'><strong>dienS,</strong></span> <span class='ocrx_word' id='word_1_3' title='bbox 375 555 442 601; x_wconf 91' lang='lat' dir='ltr'><strong>cum</strong></span> <span class='ocrx_word' id='word_1_4' title='bbox 466 535 515 601; x_wconf 91' lang='lat' dir='ltr'><strong>his</strong></span> <span class='ocrx_word' id='word_1_5' title='bbox 539 536 656 616; x_wconf 90' lang='lat' dir='ltr'><strong>optime</strong></span> <span class='ocrx_word' id='word_1_6' title='bbox 677 535 824 601; x_wconf 77' lang='lat' dir='ltr'><strong>concinit.</strong></span> <span class='ocrx_word' id='word_1_7' title='bbox 871 537 1019 618; x_wconf 80' lang='lat' dir='ltr'>syrmatis</span> <span class='ocrx_word' id='word_1_8' title='bbox 1039 535 1137 617; x_wconf 90' lang='lat' dir='ltr'><strong>igitur</strong></span> <span class='ocrx_word' id='word_1_9' title='bbox 1157 533 1315 616; x_wconf 90' lang='lat' dir='ltr'><strong>proprium</strong></span> <span class='ocrx_word' id='word_1_10' title='bbox 1338 536 1417 610; x_wconf 87' lang='lat' dir='ltr'><strong>erat,</strong></span> 
     </span>
     <span class='ocr_line' id='line_1_3' title="bbox 247 635 882 716; baseline -0.002 -16"><span class='ocrx_word' id='word_1_11' title='bbox 247 635 330 716; x_wconf 91' lang='lat' dir='ltr'><strong>quod</strong></span> <span class='ocrx_word' id='word_1_12' title='bbox 354 635 520 700; x_wconf 84' lang='lat' dir='ltr'><strong>intervalla</strong></span> <span class='ocrx_word' id='word_1_13' title='bbox 544 635 719 699; x_wconf 86' lang='lat' dir='ltr'><strong>transsilire</strong></span> <span class='ocrx_word' id='word_1_14' title='bbox 741 635 882 715; x_wconf 88' lang='lat' dir='ltr'><strong>cogebat.</strong></span> 
     </span>
    </p>

    <p class='ocr_par' dir='ltr' id='par_1_3' title="bbox 245 731 1419 1809">
     <span class='ocr_line' id='line_1_4' title="bbox 331 731 1419 816; baseline -0.006 -18"><span class='ocrx_word' id='word_1_15' title='bbox 331 734 439 816; x_wconf 85' lang='lat' dir='ltr'><strong>Neque</strong></span> <span class='ocrx_word' id='word_1_16' title='bbox 461 753 533 798; x_wconf 88' lang='lat' dir='ltr'><strong>vero</strong></span> <span class='ocrx_word' id='word_1_17' title='bbox 557 734 595 798; x_wconf 93' lang='lat' dir='ltr'><strong>de</strong></span> <span class='ocrx_word' id='word_1_18' title='bbox 617 733 783 813; x_wconf 86' lang='lat' dir='ltr'><strong>magadide</strong></span> <span class='ocrx_word' id='word_1_19' title='bbox 804 735 903 813; x_wconf 91' lang='lat' dir='ltr'><strong>magis</strong></span> <span class='ocrx_word' id='word_1_20' title='bbox 926 739 1013 797; x_wconf 88' lang='lat' dir='ltr'><strong>stare</strong></span> <span class='ocrx_word' id='word_1_21' title='bbox 1037 733 1154 813; x_wconf 89' lang='lat' dir='ltr'><strong>poterit</strong></span> <span class='ocrx_word' id='word_1_22' title='bbox 1165 731 1325 797; x_wconf 85' lang='lat' dir='ltr'><strong>Gevaertii</strong></span> <span class='ocrx_word' id='word_1_23' title='bbox 1350 748 1419 794; x_wconf 87' lang='lat' dir='ltr'><strong>sen-</strong></span> 
     </span>
     <span class='ocr_line' id='line_1_5' title="bbox 248 829 1416 914; baseline -0.007 -16"><span class='ocrx_word' id='word_1_24' title='bbox 248 834 358 898; x_wconf 90' lang='lat' dir='ltr'><strong>tentia.</strong></span> <span class='ocrx_word' id='word_1_25' title='bbox 405 834 444 898; x_wconf 92' lang='lat' dir='ltr'><strong>de</strong></span> <span class='ocrx_word' id='word_1_26' title='bbox 464 851 528 914; x_wconf 89' lang='lat' dir='ltr'><strong>qua</strong></span> <span class='ocrx_word' id='word_1_27' title='bbox 552 832 678 897; x_wconf 90' lang='lat' dir='ltr'><strong>Bocchh</strong></span> <span class='ocrx_word' id='word_1_28' title='bbox 700 834 733 896; x_wconf 94' lang='lat' dir='ltr'><strong>in</strong></span> <span class='ocrx_word' id='word_1_29' title='bbox 755 833 834 896; x_wconf 91' lang='lat' dir='ltr'><strong>libro</strong></span> <span class='ocrx_word' id='word_1_30' title='bbox 858 834 896 897; x_wconf 93' lang='lat' dir='ltr'><strong>de</strong></span> <span class='ocrx_word' id='word_1_31' title='bbox 919 833 1027 897; x_wconf 86' lang='lat' dir='ltr'><strong>metris</strong></span> <span class='ocrx_word' id='word_1_32' title='bbox 1049 833 1179 897; x_wconf 90' lang='lat' dir='ltr'><strong>Pindari</strong></span> <span class='ocrx_word' id='word_1_33' title='bbox 1202 851 1231 912; x_wconf 88' lang='lat' dir='ltr'><strong>p.</strong></span> <span class='ocrx_word' id='word_1_34' title='bbox 1253 829 1416 894; x_wconf 77' lang='lat' dir='ltr'><strong>atr-aot</strong></span> 
     </span>
     <span class='ocr_line' id='line_1_6' title="bbox 245 928 1417 1012; baseline -0.003 -18"><span class='ocrx_word' id='word_1_35' title='bbox 245 933 419 1012; x_wconf 87' lang='lat' dir='ltr'><strong>disputavit</strong></span> <span class='ocrx_word' id='word_1_36' title='bbox 442 950 498 996; x_wconf 92' lang='lat' dir='ltr'><strong>nec</strong></span> <span class='ocrx_word' id='word_1_37' title='bbox 521 939 627 996; x_wconf 87' lang='lat' dir='ltr'><strong>tamen</strong></span> <span class='ocrx_word' id='word_1_38' title='bbox 651 932 690 995; x_wconf 89' lang='lat' dir='ltr'><strong>ad</strong></span> <span class='ocrx_word' id='word_1_39' title='bbox 712 931 863 1012; x_wconf 90' lang='lat' dir='ltr'><strong>liquidum</strong></span> <span class='ocrx_word' id='word_1_40' title='bbox 886 951 950 996; x_wconf 90' lang='lat' dir='ltr'><strong>rem</strong></span> <span class='ocrx_word' id='word_1_41' title='bbox 973 931 1132 1012; x_wconf 91' lang='lat' dir='ltr'><strong>perduxit.</strong></span> <span class='ocrx_word' id='word_1_42' title='bbox 1179 933 1240 994; x_wconf 88' lang='lat' dir='ltr'><strong>tria</strong></span> <span class='ocrx_word' id='word_1_43' title='bbox 1264 928 1417 1010; x_wconf 85' lang='lat' dir='ltr'><strong>significat</strong></span> 
     </span>
     <span class='ocr_line' id='line_1_7' title="bbox 246 1029 1417 1112; baseline -0.003 -18"><span class='ocrx_word' id='word_1_44' title='bbox 246 1030 323 1096; x_wconf 89' lang='lat' dir='ltr'><strong>haec</strong></span> <span class='ocrx_word' id='word_1_45' title='bbox 345 1050 422 1096; x_wconf 86' lang='lat' dir='ltr'><strong>vox:</strong></span> <span class='ocrx_word' id='word_1_46' title='bbox 450 1031 556 1095; x_wconf 90' lang='lat' dir='ltr'><strong>fidium</strong></span> <span class='ocrx_word' id='word_1_47' title='bbox 580 1050 698 1111; x_wconf 85' lang='lat' dir='ltr'><strong>genus,</strong></span> <span class='ocrx_word' id='word_1_48' title='bbox 721 1031 839 1112; x_wconf 88' lang='lat' dir='ltr'><strong>tibiam,</strong></span> <span class='ocrx_word' id='word_1_49' title='bbox 862 1033 998 1096; x_wconf 92' lang='lat' dir='ltr'><strong>modum.</strong></span> <span class='ocrx_word' id='word_1_50' title='bbox 1040 1031 1209 1094; x_wconf 89' lang='lat' dir='ltr'><strong>multarum</strong></span> <span class='ocrx_word' id='word_1_51' title='bbox 1231 1029 1417 1094; x_wconf 88' lang='lat' dir='ltr'><strong>chordarum</strong></span> 
     </span>
     <span class='ocr_line' id='line_1_8' title="bbox 247 1129 1418 1214; baseline -0.003 -19"><span class='ocrx_word' id='word_1_52' title='bbox 247 1132 488 1195; x_wconf 81' lang='lat' dir='ltr'>instrumentum</span> <span class='ocrx_word' id='word_1_53' title='bbox 522 1133 683 1196; x_wconf 84' lang='lat' dir='ltr'>Anacreon</span> <span class='ocrx_word' id='word_1_54' title='bbox 714 1129 785 1212; x_wconf 83' lang='lat' dir='ltr'><strong>(frg.</strong></span> <span class='ocrx_word' id='word_1_55' title='bbox 810 1131 861 1214; x_wconf 83' lang='grc'><strong>18)</strong></span> <span class='ocrx_word' id='word_1_56' title='bbox 894 1132 1090 1210; x_wconf 85' lang='lat' dir='ltr'><strong>magadidem</strong></span> <span class='ocrx_word' id='word_1_57' title='bbox 1120 1130 1300 1211; x_wconf 88' lang='lat' dir='ltr'><strong>appellavit.</strong></span> <span class='ocrx_word' id='word_1_58' title='bbox 1350 1146 1418 1192; x_wconf 89' lang='lat' dir='ltr'><strong>eam</strong></span> 
     </span>
     <span class='ocr_line' id='line_1_9' title="bbox 247 1228 1418 1312; baseline -0.003 -18"><span class='ocrx_word' id='word_1_59' title='bbox 247 1232 360 1294; x_wconf 89' lang='lat' dir='ltr'><strong>ceteris</strong></span> <span class='ocrx_word' id='word_1_60' title='bbox 390 1231 606 1295; x_wconf 81' lang='lat' dir='ltr'><strong>instrumentis</strong></span> <span class='ocrx_word' id='word_1_61' title='bbox 635 1249 670 1292; x_wconf 89' lang='lat' dir='ltr'><strong>eo</strong></span> <span class='ocrx_word' id='word_1_62' title='bbox 700 1231 918 1312; x_wconf 84' lang='lat' dir='ltr'><strong>praestitisse,</strong></span> <span class='ocrx_word' id='word_1_63' title='bbox 949 1230 1034 1312; x_wconf 89' lang='lat' dir='ltr'><strong>quod</strong></span> <span class='ocrx_word' id='word_1_64' title='bbox 1058 1231 1146 1294; x_wconf 92' lang='lat' dir='ltr'><strong>binas</strong></span> <span class='ocrx_word' id='word_1_65' title='bbox 1169 1229 1261 1293; x_wconf 89' lang='lat' dir='ltr'><strong>simul</strong></span> <span class='ocrx_word' id='word_1_66' title='bbox 1286 1228 1418 1293; x_wconf 79' lang='lat' dir='ltr'><strong>chordas</strong></span> 
     </span>
     <span class='ocr_line' id='line_1_10' title="bbox 248 1329 1418 1408; baseline -0.002 -16"><span class='ocrx_word' id='word_1_67' title='bbox 248 1329 303 1392; x_wconf 75' lang='lat' dir='ltr'><strong>ded</strong></span> <span class='ocrx_word' id='word_1_68' title='bbox 333 1333 451 1393; x_wconf 76' lang='grc' dir='ltr'><strong><em>πασῶν</em></strong></span> <span class='ocrx_word' id='word_1_69' title='bbox 489 1330 644 1394; x_wconf 89' lang='lat' dir='ltr'><strong>distantes</strong></span> <span class='ocrx_word' id='word_1_70' title='bbox 681 1329 809 1408; x_wconf 90' lang='lat' dir='ltr'><strong>pulsare</strong></span> <span class='ocrx_word' id='word_1_71' title='bbox 845 1330 969 1406; x_wconf 84' lang='lat' dir='ltr'><strong>liceret,</strong></span> <span class='ocrx_word' id='word_1_72' title='bbox 1013 1329 1119 1394; x_wconf 87' lang='lat' dir='ltr'><strong>Phillis</strong></span> <span class='ocrx_word' id='word_1_73' title='bbox 1151 1335 1184 1394; x_wconf 90' lang='lat' dir='ltr'><strong>et</strong></span> <span class='ocrx_word' id='word_1_74' title='bbox 1216 1331 1418 1393; x_wconf 85' lang='lat' dir='ltr'><strong>Aristoxenus</strong></span> 
     </span>
     <span class='ocr_line' id='line_1_11' title="bbox 247 1427 1417 1511; baseline -0.003 -18"><span class='ocrx_word' id='word_1_75' title='bbox 247 1436 408 1494; x_wconf 85' lang='lat' dir='ltr'><strong>testantur</strong></span> <span class='ocrx_word' id='word_1_76' title='bbox 429 1431 503 1494; x_wconf 92' lang='lat' dir='ltr'><strong>locis</strong></span> <span class='ocrx_word' id='word_1_77' title='bbox 525 1429 564 1494; x_wconf 92' lang='lat' dir='ltr'><strong>ab</strong></span> <span class='ocrx_word' id='word_1_78' title='bbox 585 1429 745 1493; x_wconf 84' lang='lat' dir='ltr'><strong>Athenaeo</strong></span> <span class='ocrx_word' id='word_1_79' title='bbox 764 1429 837 1494; x_wconf 90' lang='lat' dir='ltr'><strong>XIV</strong></span> <span class='ocrx_word' id='word_1_80' title='bbox 852 1449 878 1494; x_wconf 93' lang='lat' dir='ltr'><strong>c.</strong></span> <span class='ocrx_word' id='word_1_81' title='bbox 896 1432 935 1494; x_wconf 89' lang='grc'><strong>36</strong></span> <span class='ocrx_word' id='word_1_82' title='bbox 952 1436 983 1493; x_wconf 83' lang='lat' dir='ltr'><strong>et</strong></span> <span class='ocrx_word' id='word_1_83' title='bbox 999 1432 1039 1494; x_wconf 83' lang='lat'><strong>38</strong></span> <span class='ocrx_word' id='word_1_84' title='bbox 1060 1429 1164 1494; x_wconf 88' lang='lat' dir='ltr'><strong>allatis</strong></span> <span class='ocrx_word' id='word_1_85' title='bbox 1186 1427 1322 1511; x_wconf 81' lang='lat' dir='ltr'><strong>(boechh</strong></span> <span class='ocrx_word' id='word_1_86' title='bbox 1336 1431 1417 1506; x_wconf 75' lang='lat'><strong>262).</strong></span> 
     </span>
     <span class='ocr_line' id='line_1_12' title="bbox 246 1529 1418 1609; baseline -0.002 -17"><span class='ocrx_word' id='word_1_87' title='bbox 246 1531 453 1594; x_wconf 86' lang='lat' dir='ltr'><strong>Aristoxenus</strong></span> <span class='ocrx_word' id='word_1_88' title='bbox 485 1531 622 1593; x_wconf 91' lang='lat' dir='ltr'><strong>virorum</strong></span> <span class='ocrx_word' id='word_1_89' title='bbox 653 1535 686 1593; x_wconf 90' lang='lat' dir='ltr'><strong>et</strong></span> <span class='ocrx_word' id='word_1_90' title='bbox 717 1547 883 1609; x_wconf 91' lang='lat' dir='ltr'><strong>puerorum</strong></span> <span class='ocrx_word' id='word_1_91' title='bbox 910 1531 939 1593; x_wconf 91' lang='lat' dir='ltr'><strong>in</strong></span> <span class='ocrx_word' id='word_1_92' title='bbox 965 1548 1001 1592; x_wconf 88' lang='lat' dir='ltr'><strong>ea</strong></span> <span class='ocrx_word' id='word_1_93' title='bbox 1024 1531 1126 1593; x_wconf 87' lang='lat' dir='ltr'><strong>inesse</strong></span> <span class='ocrx_word' id='word_1_94' title='bbox 1148 1529 1222 1593; x_wconf 90' lang='lat' dir='ltr'><strong>dicit</strong></span> <span class='ocrx_word' id='word_1_95' title='bbox 1245 1529 1418 1608; x_wconf 79' lang='grc' dir='ltr'><strong><em>συνῳδίαν,</em></strong></span> 
     </span>
     <span class='ocr_line' id='line_1_13' title="bbox 247 1629 1418 1711; baseline -0.002 -19"><span class='ocrx_word' id='word_1_96' title='bbox 247 1649 325 1711; x_wconf 91' lang='lat' dir='ltr'><strong>quos</strong></span> <span class='ocrx_word' id='word_1_97' title='bbox 355 1630 410 1692; x_wconf 77' lang='lat' dir='ltr'><strong>dud</strong></span> <span class='ocrx_word' id='word_1_98' title='bbox 442 1632 562 1692; x_wconf 81' lang='grc' dir='ltr'><strong><em>πασῶν</em></strong></span> <span class='ocrx_word' id='word_1_99' title='bbox 590 1629 785 1693; x_wconf 89' lang='lat' dir='ltr'><strong>concinuisse</strong></span> <span class='ocrx_word' id='word_1_100' title='bbox 811 1629 957 1693; x_wconf 89' lang='lat' dir='ltr'><strong>docemur</strong></span> <span class='ocrx_word' id='word_1_101' title='bbox 981 1631 1032 1692; x_wconf 89' lang='lat' dir='ltr'><strong>Ar.</strong></span> <span class='ocrx_word' id='word_1_102' title='bbox 1054 1629 1154 1710; x_wconf 87' lang='lat' dir='ltr'><strong>probi.</strong></span> <span class='ocrx_word' id='word_1_103' title='bbox 1180 1633 1287 1708; x_wconf 71' lang='lat' dir='ltr'><strong>lala.</strong></span> <span class='ocrx_word' id='word_1_104' title='bbox 1331 1634 1418 1691; x_wconf 84' lang='lat' dir='ltr'><strong>vetu-</strong></span> 
     </span>
     <span class='ocr_line' id='line_1_14' title="bbox 247 1728 1419 1809; baseline -0.004 -15"><span class='ocrx_word' id='word_1_105' title='bbox 247 1731 417 1794; x_wconf 88' lang='lat' dir='ltr'><strong>stissimum</strong></span> <span class='ocrx_word' id='word_1_106' title='bbox 448 1734 553 1792; x_wconf 88' lang='lat' dir='ltr'><strong>autem</strong></span> <span class='ocrx_word' id='word_1_107' title='bbox 584 1728 621 1792; x_wconf 89' lang='lat' dir='ltr'><strong>de</strong></span> <span class='ocrx_word' id='word_1_108' title='bbox 651 1729 711 1792; x_wconf 91' lang='lat' dir='ltr'><strong>hoc</strong></span> <span class='ocrx_word' id='word_1_109' title='bbox 739 1728 894 1809; x_wconf 89' lang='lat' dir='ltr'><strong>psallendi</strong></span> <span class='ocrx_word' id='word_1_110' title='bbox 926 1729 1016 1792; x_wconf 92' lang='lat' dir='ltr'><strong>modo</strong></span> <span class='ocrx_word' id='word_1_111' title='bbox 1050 1729 1260 1792; x_wconf 91' lang='lat' dir='ltr'><strong>testimoninm</strong></span> <span class='ocrx_word' id='word_1_112' title='bbox 1289 1728 1419 1793; x_wconf 89' lang='lat' dir='ltr'><strong>Pindari</strong></span> 
     </span>
    </p>
   </div>
   <div class='ocr_carea' id='block_1_3' title="bbox 121 1827 1418 1911">
    <p class='ocr_par' dir='ltr' id='par_1_4' title="bbox 121 1827 1418 1911">
     <span class='ocr_line' id='line_1_15' title="bbox 121 1827 1418 1911; baseline -0.002 -19"><span class='ocrx_word' id='word_1_113' title='bbox 121 1871 123 1874; x_wconf 93' lang='lat'>-</span> <span class='ocrx_word' id='word_1_114' title='bbox 247 1828 792 1910; x_wconf 71' lang='lat' dir='ltr'><strong>est(frg.1⁶.&gt;5th.),quodrecte</strong></span> <span class='ocrx_word' id='word_1_115' title='bbox 816 1829 1018 1911; x_wconf 89' lang='lat' dir='ltr'><strong>interpretari</strong></span> <span class='ocrx_word' id='word_1_116' title='bbox 1043 1846 1103 1890; x_wconf 93' lang='lat' dir='ltr'><strong>non</strong></span> <span class='ocrx_word' id='word_1_117' title='bbox 1127 1828 1202 1891; x_wconf 91' lang='lat' dir='ltr'><strong>nihil</strong></span> <span class='ocrx_word' id='word_1_118' title='bbox 1225 1827 1330 1891; x_wconf 85' lang='lat' dir='ltr'><strong>refert.</strong></span> <span class='ocrx_word' id='word_1_119' title='bbox 1376 1827 1418 1890; x_wconf 92' lang='lat' dir='ltr'><strong>ibi</strong></span> 
     </span>
    </p>
   </div>
   <div class='ocr_carea' id='block_1_4' title="bbox 244 1927 1419 3307">
    <p class='ocr_par' dir='ltr' id='par_1_5' title="bbox 244 1927 1419 3307">
     <span class='ocr_line' id='line_1_16' title="bbox 251 1927 1419 2015; baseline -0.004 -23"><span class='ocrx_word' id='word_1_120' title='bbox 251 1929 434 2009; x_wconf 84' lang='lat' dir='ltr'><strong>Terpander</strong></span> <span class='ocrx_word' id='word_1_121' title='bbox 456 1929 602 1993; x_wconf 84' lang='lat' dir='ltr'><strong>barbiton</strong></span> <span class='ocrx_word' id='word_1_122' title='bbox 626 1929 782 1992; x_wconf 87' lang='lat' dir='ltr'><strong>invenisse</strong></span> <span class='ocrx_word' id='word_1_123' title='bbox 803 1928 919 1992; x_wconf 86' lang='lat' dir='ltr'><strong>dicitur</strong></span> <span class='ocrx_word' id='word_1_124' title='bbox 941 1929 972 1991; x_wconf 92' lang='lat' dir='ltr'><strong>in</strong></span> <span class='ocrx_word' id='word_1_125' title='bbox 993 1928 1150 2009; x_wconf 83' lang='lat' dir='ltr'><strong>Lydorum</strong></span> <span class='ocrx_word' id='word_1_126' title='bbox 1174 1929 1258 1992; x_wconf 89' lang='lat' dir='ltr'><strong>cenis</strong></span> <span class='ocrx_word' id='word_1_127' title='bbox 1281 1927 1419 2015; x_wconf 79' lang='grc' dir='ltr'><strong><em>φαίμδν</em></strong></span> 
     </span>
     <span class='ocr_line' id='line_1_17' title="bbox 248 2025 1417 2117; baseline -0.002 -27"><span class='ocrx_word' id='word_1_128' title='bbox 248 2027 471 2110; x_wconf 75' lang='grc' dir='ltr'><strong><em>οἷντίφδογγον</em></strong></span> <span class='ocrx_word' id='word_1_129' title='bbox 493 2028 624 2117; x_wconf 77' lang='grc' dir='ltr'><strong><em>ὑψηλᾶς</em></strong></span> <span class='ocrx_word' id='word_1_130' title='bbox 647 2026 774 2090; x_wconf 76' lang='grc' dir='ltr'><strong><em>α’κούων</em></strong></span> <span class='ocrx_word' id='word_1_131' title='bbox 790 2027 955 2109; x_wconf 81' lang='grc' dir='ltr'><strong><em>πηκτίδος,</em></strong></span> <span class='ocrx_word' id='word_1_132' title='bbox 974 2027 1075 2107; x_wconf 81' lang='lat' dir='ltr'><strong>pactis</strong></span> <span class='ocrx_word' id='word_1_133' title='bbox 1097 2032 1201 2091; x_wconf 84' lang='lat' dir='ltr'><strong>autem</strong></span> <span class='ocrx_word' id='word_1_134' title='bbox 1223 2031 1255 2089; x_wconf 85' lang='lat' dir='ltr'><strong>ct</strong></span> <span class='ocrx_word' id='word_1_135' title='bbox 1276 2025 1417 2108; x_wconf 84' lang='lat' dir='ltr'><strong>magadis</strong></span> 
     </span>
     <span class='ocr_line' id='line_1_18' title="bbox 249 2125 1416 2209; baseline -0.004 -18"><span class='ocrx_word' id='word_1_136' title='bbox 249 2127 387 2191; x_wconf 84' lang='lat' dir='ltr'><strong>ciusdem</strong></span> <span class='ocrx_word' id='word_1_137' title='bbox 416 2128 615 2190; x_wconf 89' lang='lat' dir='ltr'><strong>instrumenti</strong></span> <span class='ocrx_word' id='word_1_138' title='bbox 641 2128 767 2191; x_wconf 91' lang='lat' dir='ltr'><strong>nomina</strong></span> <span class='ocrx_word' id='word_1_139' title='bbox 790 2135 863 2191; x_wconf 90' lang='lat' dir='ltr'><strong>sunt</strong></span> <span class='ocrx_word' id='word_1_140' title='bbox 887 2126 1088 2209; x_wconf 84' lang='lat' dir='ltr'><strong>(quamquam</strong></span> <span class='ocrx_word' id='word_1_141' title='bbox 1112 2132 1219 2204; x_wconf 88' lang='lat' dir='ltr'><strong>erant,</strong></span> <span class='ocrx_word' id='word_1_142' title='bbox 1249 2126 1301 2206; x_wconf 91' lang='lat' dir='ltr'><strong>qui</strong></span> <span class='ocrx_word' id='word_1_143' title='bbox 1325 2125 1416 2189; x_wconf 87' lang='lat' dir='ltr'><strong>aliter</strong></span> 
     </span>
     <span class='ocr_line' id='line_1_19' title="bbox 247 2224 1415 2308; baseline -0.004 -19"><span class='ocrx_word' id='word_1_144' title='bbox 247 2227 425 2306; x_wconf 87' lang='lat' dir='ltr'><strong>sentirent).</strong></span> <span class='ocrx_word' id='word_1_145' title='bbox 468 2245 557 2308; x_wconf 90' lang='lat' dir='ltr'><strong>quem</strong></span> <span class='ocrx_word' id='word_1_146' title='bbox 580 2227 681 2290; x_wconf 79' lang='lat' dir='ltr'><strong>loeium</strong></span> <span class='ocrx_word' id='word_1_147' title='bbox 704 2245 773 2290; x_wconf 91' lang='lat' dir='ltr'><strong>cnm</strong></span> <span class='ocrx_word' id='word_1_148' title='bbox 794 2226 912 2304; x_wconf 86' lang='lat' dir='ltr'><strong>laudat,</strong></span> <span class='ocrx_word' id='word_1_149' title='bbox 935 2226 1016 2290; x_wconf 91' lang='lat' dir='ltr'><strong>male</strong></span> <span class='ocrx_word' id='word_1_150' title='bbox 1029 2226 1206 2289; x_wconf 90' lang='lat' dir='ltr'><strong>Athenaeus</strong></span> <span class='ocrx_word' id='word_1_151' title='bbox 1226 2225 1349 2303; x_wconf 82' lang='lat' dir='ltr'><strong>(XIVc.</strong></span> <span class='ocrx_word' id='word_1_152' title='bbox 1364 2224 1415 2307; x_wconf 72' lang='grc'><strong>37)</strong></span> 
     </span>
     <span class='ocr_line' id='line_1_20' title="bbox 247 2325 1418 2407; baseline 0 -19"><span class='ocrx_word' id='word_1_153' title='bbox 247 2325 323 2390; x_wconf 84' lang='lat' dir='ltr'><strong>haec</strong></span> <span class='ocrx_word' id='word_1_154' title='bbox 350 2327 541 2407; x_wconf 83' lang='lat' dir='ltr'><strong>praemittit:</strong></span> <span class='ocrx_word' id='word_1_155' title='bbox 573 2325 739 2407; x_wconf 80' lang='grc' dir='ltr'><strong><em>Πίνδαρος</em></strong></span> <span class='ocrx_word' id='word_1_156' title='bbox 766 2326 849 2406; x_wconf 79' lang='grc' dir='ltr'><strong><em>λέγει</em></strong></span> <span class='ocrx_word' id='word_1_157' title='bbox 876 2326 934 2389; x_wconf 88' lang='grc' dir='ltr'><strong>τδν</strong></span> <span class='ocrx_word' id='word_1_158' title='bbox 960 2325 1173 2407; x_wconf 78' lang='grc' dir='ltr'><strong><em>Τέρπανδρον</em></strong></span> <span class='ocrx_word' id='word_1_159' title='bbox 1195 2325 1418 2407; x_wconf 71' lang='grc' dir='ltr'><strong><em>ἀντίφθογγον</em></strong></span> 
     </span>
     <span class='ocr_line' id='line_1_21' title="bbox 246 2424 1413 2509; baseline 0.002 -23"><span class='ocrx_word' id='word_1_160' title='bbox 246 2424 353 2504; x_wconf 77' lang='grc' dir='ltr'><strong><em>εὑρεῖν</em></strong></span> <span class='ocrx_word' id='word_1_161' title='bbox 373 2429 414 2509; x_wconf 82' lang='grc' dir='ltr'><strong>τῇ</strong></span> <span class='ocrx_word' id='word_1_162' title='bbox 435 2426 527 2507; x_wconf 74' lang='grc' dir='ltr'><strong><em>παραὶ</em></strong></span> <span class='ocrx_word' id='word_1_163' title='bbox 550 2425 675 2498; x_wconf 83' lang='grc' dir='ltr'><strong><em>Λυδοῖς</em></strong></span> <span class='ocrx_word' id='word_1_164' title='bbox 696 2426 831 2509; x_wconf 81' lang='grc' dir='ltr'><strong><em>πηκτίδι</em></strong></span> <span class='ocrx_word' id='word_1_165' title='bbox 852 2426 910 2488; x_wconf 88' lang='grc' dir='ltr'><strong>τδν</strong></span> <span class='ocrx_word' id='word_1_166' title='bbox 931 2425 1090 2506; x_wconf 75' lang='grc' dir='ltr'><strong><em>βάρβιτον</em></strong></span> <span class='ocrx_word' id='word_1_167' title='bbox 1109 2425 1152 2507; x_wconf 85' lang='lat' dir='ltr'><strong>(v.</strong></span> <span class='ocrx_word' id='word_1_168' title='bbox 1168 2425 1293 2488; x_wconf 86' lang='lat' dir='ltr'><strong>Boeckh</strong></span> <span class='ocrx_word' id='word_1_169' title='bbox 1307 2424 1413 2505; x_wconf 85' lang='lat' dir='ltr'><strong>explic.</strong></span> 
     </span>
     <span class='ocr_line' id='line_1_22' title="bbox 245 2523 1414 2608; baseline 0.003 -24"><span class='ocrx_word' id='word_1_170' title='bbox 245 2543 275 2604; x_wconf 89' lang='lat' dir='ltr'><strong>p.</strong></span> <span class='ocrx_word' id='word_1_171' title='bbox 297 2523 380 2606; x_wconf 86' lang='grc'><strong>617).</strong></span> <span class='ocrx_word' id='word_1_172' title='bbox 430 2526 523 2587; x_wconf 91' lang='lat' dir='ltr'><strong>immo</strong></span> <span class='ocrx_word' id='word_1_173' title='bbox 554 2525 586 2588; x_wconf 94' lang='lat' dir='ltr'><strong>in</strong></span> <span class='ocrx_word' id='word_1_174' title='bbox 615 2525 682 2588; x_wconf 91' lang='lat' dir='ltr'><strong>solo</strong></span> <span class='ocrx_word' id='word_1_175' title='bbox 712 2527 844 2605; x_wconf 91' lang='lat' dir='ltr'><strong>pectidis</strong></span> <span class='ocrx_word' id='word_1_176' title='bbox 873 2544 951 2590; x_wconf 88' lang='lat' dir='ltr'><strong>sono</strong></span> <span class='ocrx_word' id='word_1_177' title='bbox 980 2527 1185 2608; x_wconf 78' lang='grc' dir='ltr'><strong><em>α’νσιφωυίαυ</em></strong></span> <span class='ocrx_word' id='word_1_178' title='bbox 1212 2525 1309 2588; x_wconf 87' lang='lat' dir='ltr'><strong>fuisse</strong></span> <span class='ocrx_word' id='word_1_179' title='bbox 1337 2533 1368 2588; x_wconf 88' lang='lat' dir='ltr'><strong>et</strong></span> <span class='ocrx_word' id='word_1_180' title='bbox 1398 2544 1414 2588; x_wconf 91' lang='lat' dir='ltr'><strong>e</strong></span> 
     </span>
     <span class='ocr_line' id='line_1_23' title="bbox 246 2623 1414 2708; baseline -0.001 -21"><span class='ocrx_word' id='word_1_181' title='bbox 246 2624 376 2688; x_wconf 87' lang='lat' dir='ltr'><strong>Pindari</strong></span> <span class='ocrx_word' id='word_1_182' title='bbox 399 2623 501 2688; x_wconf 90' lang='lat' dir='ltr'><strong>verbis</strong></span> <span class='ocrx_word' id='word_1_183' title='bbox 520 2624 621 2689; x_wconf 89' lang='lat' dir='ltr'><strong>elucet</strong></span> <span class='ocrx_word' id='word_1_184' title='bbox 644 2625 771 2705; x_wconf 87' lang='lat' dir='ltr'><strong>(alioqui</strong></span> <span class='ocrx_word' id='word_1_185' title='bbox 794 2626 924 2708; x_wconf 77' lang='grc' dir='ltr'><strong><em>ἐγείρων</em></strong></span> <span class='ocrx_word' id='word_1_186' title='bbox 945 2645 1002 2706; x_wconf 93' lang='lat' dir='ltr'><strong>pro</strong></span> <span class='ocrx_word' id='word_1_187' title='bbox 1020 2623 1148 2688; x_wconf 84' lang='grc' dir='ltr'><strong><em>α’κυύωυ</em></strong></span> <span class='ocrx_word' id='word_1_188' title='bbox 1165 2631 1414 2704; x_wconf 85' lang='lat' dir='ltr'><strong>exspectaremus</strong></span> 
     </span>
     <span class='ocr_line' id='line_1_24' title="bbox 247 2724 1414 2806; baseline -0.001 -18"><span class='ocrx_word' id='word_1_189' title='bbox 247 2729 280 2788; x_wconf 92' lang='lat' dir='ltr'><strong>et</strong></span> <span class='ocrx_word' id='word_1_190' title='bbox 312 2724 450 2788; x_wconf 88' lang='lat' dir='ltr'><strong>dativum</strong></span> <span class='ocrx_word' id='word_1_191' title='bbox 483 2743 540 2805; x_wconf 91' lang='lat' dir='ltr'><strong>pro</strong></span> <span class='ocrx_word' id='word_1_192' title='bbox 575 2725 733 2806; x_wconf 82' lang='lat' dir='ltr'><strong>genetivo)</strong></span> <span class='ocrx_word' id='word_1_193' title='bbox 772 2731 804 2788; x_wconf 88' lang='lat' dir='ltr'><strong>et</strong></span> <span class='ocrx_word' id='word_1_194' title='bbox 840 2725 880 2788; x_wconf 90' lang='lat' dir='ltr'><strong>ab</strong></span> <span class='ocrx_word' id='word_1_195' title='bbox 914 2725 1101 2788; x_wconf 90' lang='lat' dir='ltr'><strong>Aristoxeno</strong></span> <span class='ocrx_word' id='word_1_196' title='bbox 1134 2724 1325 2789; x_wconf 88' lang='lat' dir='ltr'><strong>intellectum</strong></span> <span class='ocrx_word' id='word_1_197' title='bbox 1357 2730 1414 2788; x_wconf 92' lang='lat' dir='ltr'><strong>est.</strong></span> 
     </span>
     <span class='ocr_line' id='line_1_25' title="bbox 247 2824 1415 2906; baseline -0.002 -17"><span class='ocrx_word' id='word_1_198' title='bbox 247 2843 393 2905; x_wconf 88' lang='lat' dir='ltr'><strong>compara</strong></span> <span class='ocrx_word' id='word_1_199' title='bbox 414 2825 600 2906; x_wconf 92' lang='lat' dir='ltr'><strong>simillimum</strong></span> <span class='ocrx_word' id='word_1_200' title='bbox 623 2825 722 2889; x_wconf 92' lang='lat' dir='ltr'><strong>locum</strong></span> <span class='ocrx_word' id='word_1_201' title='bbox 746 2825 908 2906; x_wconf 86' lang='lat' dir='ltr'><strong>Sophoclis</strong></span> <span class='ocrx_word' id='word_1_202' title='bbox 930 2824 1108 2906; x_wconf 84' lang='lat' dir='ltr'><strong>Mysorum:</strong></span> <span class='ocrx_word' id='word_1_203' title='bbox 1138 2824 1239 2896; x_wconf 81' lang='grc' dir='ltr'><strong><em>ποίυς</em></strong></span> <span class='ocrx_word' id='word_1_204' title='bbox 1261 2826 1300 2887; x_wconf 78' lang='grc' dir='ltr'><strong>δὲ</strong></span> <span class='ocrx_word' id='word_1_205' title='bbox 1323 2825 1415 2906; x_wconf 62' lang='lat' dir='ltr'><strong>weda</strong></span> 
     </span>
     <span class='ocr_line' id='line_1_26' title="bbox 245 2922 1414 3008; baseline 0.002 -23"><span class='ocrx_word' id='word_1_206' title='bbox 245 2928 396 3005; x_wconf 82' lang='grc' dir='ltr'><strong><em>τρίγωνος</em></strong></span> <span class='ocrx_word' id='word_1_207' title='bbox 416 2923 632 2989; x_wconf 81' lang='grc' dir='ltr'><strong><em>οἷντίσπαστοί</em></strong></span> <span class='ocrx_word' id='word_1_208' title='bbox 656 2947 692 2986; x_wconf 81' lang='grc' dir='ltr'><strong>τε</strong></span> <span class='ocrx_word' id='word_1_209' title='bbox 718 2925 855 3008; x_wconf 81' lang='grc' dir='ltr'><strong><em>ΙΛυδῆς</em></strong></span> <span class='ocrx_word' id='word_1_210' title='bbox 882 2922 1020 3007; x_wconf 80' lang='grc' dir='ltr'><strong><em>ἐφύμνει</em></strong></span> <span class='ocrx_word' id='word_1_211' title='bbox 1048 2925 1203 3008; x_wconf 66' lang='grc' dir='ltr'><strong><em>πηκτίδος</em></strong></span> <span class='ocrx_word' id='word_1_212' title='bbox 1229 2926 1414 3006; x_wconf 84' lang='grc' dir='ltr'><strong><em>συγχορδία,</em></strong></span> 
     </span>
     <span class='ocr_line' id='line_1_27' title="bbox 245 3024 1414 3106; baseline 0.001 -19"><span class='ocrx_word' id='word_1_213' title='bbox 245 3024 299 3089; x_wconf 90' lang='lat' dir='ltr'><strong>ubi</strong></span> <span class='ocrx_word' id='word_1_214' title='bbox 322 3024 538 3088; x_wconf 82' lang='grc' dir='ltr'><strong><em>οίυτίσπαστα</em></strong></span> <span class='ocrx_word' id='word_1_215' title='bbox 559 3042 620 3088; x_wconf 91' lang='lat' dir='ltr'><strong>non</strong></span> <span class='ocrx_word' id='word_1_216' title='bbox 643 3026 682 3087; x_wconf 86' lang='lat' dir='ltr'><strong>ad</strong></span> <span class='ocrx_word' id='word_1_217' title='bbox 706 3025 863 3105; x_wconf 86' lang='lat' dir='ltr'><strong>trigon0n‚</strong></span> <span class='ocrx_word' id='word_1_218' title='bbox 887 3025 941 3088; x_wconf 88' lang='lat' dir='ltr'><strong>sed</strong></span> <span class='ocrx_word' id='word_1_219' title='bbox 964 3025 1005 3087; x_wconf 92' lang='lat' dir='ltr'><strong>ad</strong></span> <span class='ocrx_word' id='word_1_220' title='bbox 1022 3025 1120 3104; x_wconf 92' lang='lat' dir='ltr'><strong>ipsius</strong></span> <span class='ocrx_word' id='word_1_221' title='bbox 1139 3027 1271 3106; x_wconf 89' lang='lat' dir='ltr'><strong>pectidis</strong></span> <span class='ocrx_word' id='word_1_222' title='bbox 1284 3025 1414 3090; x_wconf 89' lang='lat' dir='ltr'><strong>chordas</strong></span> 
     </span>
     <span class='ocr_line' id='line_1_28' title="bbox 244 3122 1414 3206; baseline 0.002 -20"><span class='ocrx_word' id='word_1_223' title='bbox 244 3123 327 3188; x_wconf 90' lang='lat' dir='ltr'><strong>inter</strong></span> <span class='ocrx_word' id='word_1_224' title='bbox 358 3143 392 3188; x_wconf 89' lang='lat' dir='ltr'><strong>se</strong></span> <span class='ocrx_word' id='word_1_225' title='bbox 423 3122 626 3206; x_wconf 83' lang='grc' dir='ltr'><strong><em>αὐτιφυίνυυς</em></strong></span> <span class='ocrx_word' id='word_1_226' title='bbox 656 3130 740 3188; x_wconf 88' lang='lat' dir='ltr'><strong>recte</strong></span> <span class='ocrx_word' id='word_1_227' title='bbox 769 3124 864 3188; x_wconf 80' lang='lat' dir='ltr'><strong>refert</strong></span> <span class='ocrx_word' id='word_1_228' title='bbox 893 3143 921 3188; x_wconf 93' lang='lat' dir='ltr'><strong>v.</strong></span> <span class='ocrx_word' id='word_1_229' title='bbox 943 3125 1004 3189; x_wconf 82' lang='lat' dir='ltr'><strong>dan</strong></span> <span class='ocrx_word' id='word_1_230' title='bbox 1038 3123 1089 3206; x_wconf 90' lang='lat' dir='ltr'><strong>(de</strong></span> <span class='ocrx_word' id='word_1_231' title='bbox 1118 3123 1230 3189; x_wconf 90' lang='lat' dir='ltr'><strong>fidibus</strong></span> <span class='ocrx_word' id='word_1_232' title='bbox 1258 3124 1312 3189; x_wconf 91' lang='lat' dir='ltr'><strong>Gr.</strong></span> <span class='ocrx_word' id='word_1_233' title='bbox 1340 3125 1414 3188; x_wconf 89' lang='lat' dir='ltr'><strong>diss.</strong></span> 
     </span>
     <span class='ocr_line' id='line_1_29' title="bbox 246 3223 1416 3307; baseline 0.001 -21"><span class='ocrx_word' id='word_1_234' title='bbox 246 3223 351 3302; x_wconf 82' lang='lat' dir='ltr'><strong>inaug.</strong></span> <span class='ocrx_word' id='word_1_235' title='bbox 385 3223 488 3287; x_wconf 90' lang='lat' dir='ltr'><strong>Berol.</strong></span> <span class='ocrx_word' id='word_1_236' title='bbox 520 3225 598 3288; x_wconf 78' lang='lat'>1859</span> <span class='ocrx_word' id='word_1_237' title='bbox 629 3242 658 3303; x_wconf 93' lang='lat' dir='ltr'><strong>p.</strong></span> <span class='ocrx_word' id='word_1_238' title='bbox 688 3223 751 3306; x_wconf 45' lang='grc' dir='ltr'><strong><em>(οδ).</em></strong></span> <span class='ocrx_word' id='word_1_239' title='bbox 806 3223 952 3287; x_wconf 91' lang='lat' dir='ltr'><strong>barbiton</strong></span> <span class='ocrx_word' id='word_1_240' title='bbox 995 3224 1089 3302; x_wconf 87' lang='lat' dir='ltr'><strong>igitur</strong></span> <span class='ocrx_word' id='word_1_241' title='bbox 1128 3243 1189 3288; x_wconf 95' lang='lat' dir='ltr'><strong>nnn</strong></span> <span class='ocrx_word' id='word_1_242' title='bbox 1229 3225 1416 3307; x_wconf 70' lang='grc' dir='ltr'><strong><em>ἀντίφωνον</em></strong></span> 
     </span>
    </p>
   </div>
   <div class='ocr_carea' id='block_1_5' title="bbox 137 3322 1415 3418">
    <p class='ocr_par' dir='ltr' id='par_1_6' title="bbox 137 3322 1415 3418">
     <span class='ocr_line' id='line_1_30' title="bbox 137 3322 1415 3418; baseline 0.002 -33"><span class='ocrx_word' id='word_1_243' title='bbox 137 3409 142 3418; x_wconf 16' lang='grc' dir='ltr'>Α</span> <span class='ocrx_word' id='word_1_244' title='bbox 246 3323 420 3403; x_wconf 84' lang='lat' dir='ltr'><strong>magadidi,</strong></span> <span class='ocrx_word' id='word_1_245' title='bbox 454 3323 507 3386; x_wconf 90' lang='lat' dir='ltr'><strong>sed</strong></span> <span class='ocrx_word' id='word_1_246' title='bbox 537 3322 724 3387; x_wconf 93' lang='lat' dir='ltr'><strong>simillimum</strong></span> <span class='ocrx_word' id='word_1_247' title='bbox 756 3323 889 3387; x_wconf 89' lang='lat' dir='ltr'><strong>eierat.</strong></span> <span class='ocrx_word' id='word_1_248' title='bbox 938 3323 1021 3404; x_wconf 90' lang='lat' dir='ltr'><strong>quod</strong></span> <span class='ocrx_word' id='word_1_249' title='bbox 1044 3341 1112 3387; x_wconf 91' lang='lat' dir='ltr'><strong>cum</strong></span> <span class='ocrx_word' id='word_1_250' title='bbox 1135 3324 1280 3388; x_wconf 90' lang='lat' dir='ltr'><strong>barbiton</strong></span> <span class='ocrx_word' id='word_1_251' title='bbox 1303 3343 1415 3406; x_wconf 91' lang='lat' dir='ltr'><strong>graves</strong></span> 
     </span>
    </p>
   </div>
   <div class='ocr_carea' id='block_1_6' title="bbox 243 3422 1482 4209">
    <p class='ocr_par' dir='ltr' id='par_1_7' title="bbox 243 3422 1482 4209">
     <span class='ocr_line' id='line_1_31' title="bbox 246 3422 1482 3506; baseline 0.002 -19"><span class='ocrx_word' id='word_1_252' title='bbox 246 3423 377 3488; x_wconf 86' lang='lat' dir='ltr'><strong>chordas</strong></span> <span class='ocrx_word' id='word_1_253' title='bbox 415 3422 563 3488; x_wconf 90' lang='lat' dir='ltr'><strong>habuisse</strong></span> <span class='ocrx_word' id='word_1_254' title='bbox 601 3429 741 3487; x_wconf 86' lang='lat' dir='ltr'><strong>veterum</strong></span> <span class='ocrx_word' id='word_1_255' title='bbox 782 3423 977 3502; x_wconf 87' lang='lat' dir='ltr'><strong>testimonio,</strong></span> <span class='ocrx_word' id='word_1_256' title='bbox 1019 3423 1074 3506; x_wconf 90' lang='lat' dir='ltr'><strong>qui</strong></span> <span class='ocrx_word' id='word_1_257' title='bbox 1105 3422 1287 3506; x_wconf 77' lang='grc' dir='ltr'><strong><em>βαρύμιτυυ</em></strong></span> <span class='ocrx_word' id='word_1_258' title='bbox 1320 3426 1415 3488; x_wconf 89' lang='lat' dir='ltr'><strong>inter·</strong></span> <span class='ocrx_word' id='word_1_259' title='bbox 1478 3481 1482 3498; x_wconf 83' lang='lat'><strong>,</strong></span> 
     </span>
     <span class='ocr_line' id='line_1_32' title="bbox 244 3522 1414 3604; baseline 0.002 -18"><span class='ocrx_word' id='word_1_260' title='bbox 244 3529 426 3604; x_wconf 75' lang='lat' dir='ltr'><strong>metantur,</strong></span> <span class='ocrx_word' id='word_1_261' title='bbox 448 3529 587 3602; x_wconf 89' lang='lat' dir='ltr'><strong>constet,</strong></span> <span class='ocrx_word' id='word_1_262' title='bbox 611 3522 806 3587; x_wconf 86' lang='lat' dir='ltr'><strong>efficiendum</strong></span> <span class='ocrx_word' id='word_1_263' title='bbox 829 3529 879 3588; x_wconf 89' lang='lat' dir='ltr'><strong>est</strong></span> <span class='ocrx_word' id='word_1_264' title='bbox 900 3523 1096 3601; x_wconf 85' lang='lat' dir='ltr'><strong>magadidem</strong></span> <span class='ocrx_word' id='word_1_265' title='bbox 1118 3541 1242 3604; x_wconf 85' lang='lat' dir='ltr'><strong>quoque</strong></span> <span class='ocrx_word' id='word_1_266' title='bbox 1264 3525 1414 3602; x_wconf 88' lang='lat' dir='ltr'><strong>gravibus</strong></span> 
     </span>
     <span class='ocr_line' id='line_1_33' title="bbox 244 3621 1413 3703; baseline 0 -15"><span class='ocrx_word' id='word_1_267' title='bbox 244 3623 367 3688; x_wconf 91' lang='lat' dir='ltr'><strong>chordis</strong></span> <span class='ocrx_word' id='word_1_268' title='bbox 387 3624 540 3686; x_wconf 89' lang='lat' dir='ltr'><strong>intentam</strong></span> <span class='ocrx_word' id='word_1_269' title='bbox 563 3621 672 3696; x_wconf 84' lang='lat' dir='ltr'><strong>luisse;</strong></span> <span class='ocrx_word' id='word_1_270' title='bbox 705 3623 764 3686; x_wconf 92' lang='lat' dir='ltr'><strong>hoc</strong></span> <span class='ocrx_word' id='word_1_271' title='bbox 787 3624 852 3703; x_wconf 90' lang='lat' dir='ltr'><strong>ipse</strong></span> <span class='ocrx_word' id='word_1_272' title='bbox 874 3624 1030 3688; x_wconf 90' lang='lat' dir='ltr'><strong>Pindarus</strong></span> <span class='ocrx_word' id='word_1_273' title='bbox 1052 3621 1233 3700; x_wconf 80' lang='lat' dir='ltr'><strong>confirmat,</strong></span> <span class='ocrx_word' id='word_1_274' title='bbox 1256 3643 1325 3688; x_wconf 91' lang='lat' dir='ltr'><strong>cum</strong></span> <span class='ocrx_word' id='word_1_275' title='bbox 1346 3643 1413 3688; x_wconf 87' lang='lat' dir='ltr'><strong>eam</strong></span> 
     </span>
     <span class='ocr_line' id='line_1_34' title="bbox 245 3722 1414 3811; baseline 0.002 -26"><span class='ocrx_word' id='word_1_276' title='bbox 245 3722 382 3811; x_wconf 80' lang='grc' dir='ltr'><strong><em>δψηλυίυ</em></strong></span> <span class='ocrx_word' id='word_1_277' title='bbox 414 3723 562 3803; x_wconf 88' lang='lat' dir='ltr'><strong>appellat.</strong></span> <span class='ocrx_word' id='word_1_278' title='bbox 612 3722 750 3786; x_wconf 87' lang='lat' dir='ltr'><strong>Asiatica</strong></span> <span class='ocrx_word' id='word_1_279' title='bbox 779 3723 860 3785; x_wconf 91' lang='lat' dir='ltr'><strong>enim</strong></span> <span class='ocrx_word' id='word_1_280' title='bbox 893 3723 1104 3786; x_wconf 86' lang='lat' dir='ltr'><strong>instrumenta</strong></span> <span class='ocrx_word' id='word_1_281' title='bbox 1126 3741 1162 3786; x_wconf 90' lang='lat' dir='ltr'><strong>eo</strong></span> <span class='ocrx_word' id='word_1_282' title='bbox 1187 3722 1414 3787; x_wconf 87' lang='lat' dir='ltr'><strong>differebanta</strong></span> 
     </span>
     <span class='ocr_line' id='line_1_35' title="bbox 246 3821 1413 3903; baseline 0.001 -18"><span class='ocrx_word' id='word_1_283' title='bbox 246 3821 391 3903; x_wconf 86' lang='lat' dir='ltr'><strong>Graecis,</strong></span> <span class='ocrx_word' id='word_1_284' title='bbox 433 3822 517 3902; x_wconf 91' lang='lat' dir='ltr'><strong>quod</strong></span> <span class='ocrx_word' id='word_1_285' title='bbox 558 3822 700 3886; x_wconf 87' lang='lat' dir='ltr'><strong>diversae</strong></span> <span class='ocrx_word' id='word_1_286' title='bbox 733 3821 936 3902; x_wconf 83' lang='lat' dir='ltr'><strong>longitudinis</strong></span> <span class='ocrx_word' id='word_1_287' title='bbox 970 3821 1100 3886; x_wconf 90' lang='lat' dir='ltr'><strong>chordas</strong></span> <span class='ocrx_word' id='word_1_288' title='bbox 1136 3822 1310 3899; x_wconf 81' lang='lat' dir='ltr'><strong>habebant3</strong></span> <span class='ocrx_word' id='word_1_289' title='bbox 1351 3840 1413 3903; x_wconf 91' lang='lat' dir='ltr'><strong>quo</strong></span> 
     </span>
     <span class='ocr_line' id='line_1_36' title="bbox 243 3921 1413 4002; baseline 0.001 -18"><span class='ocrx_word' id='word_1_290' title='bbox 243 3922 401 4002; x_wconf 85' lang='lat' dir='ltr'><strong>longiores</strong></span> <span class='ocrx_word' id='word_1_291' title='bbox 431 3928 536 3985; x_wconf 90' lang='lat' dir='ltr'><strong>autem</strong></span> <span class='ocrx_word' id='word_1_292' title='bbox 566 3921 702 3986; x_wconf 88' lang='lat' dir='ltr'><strong>chordae</strong></span> <span class='ocrx_word' id='word_1_293' title='bbox 730 3927 837 4000; x_wconf 85' lang='lat' dir='ltr'><strong>erant,</strong></span> <span class='ocrx_word' id='word_1_294' title='bbox 868 3941 904 3986; x_wconf 91' lang='lat' dir='ltr'><strong>eo</strong></span> <span class='ocrx_word' id='word_1_295' title='bbox 927 3922 1022 3986; x_wconf 86' lang='lat' dir='ltr'><strong>altius</strong></span> <span class='ocrx_word' id='word_1_296' title='bbox 1045 3928 1145 3986; x_wconf 86' lang='lat' dir='ltr'><strong>totum</strong></span> <span class='ocrx_word' id='word_1_297' title='bbox 1168 3923 1413 3986; x_wconf 87' lang='lat' dir='ltr'><strong>instrumentum</strong></span> 
     </span>
     <span class='ocr_line' id='line_1_37' title="bbox 245 4020 1413 4103; baseline 0 -17"><span class='ocrx_word' id='word_1_298' title='bbox 245 4039 314 4086; x_wconf 88' lang='lat' dir='ltr'><strong>esse</strong></span> <span class='ocrx_word' id='word_1_299' title='bbox 337 4021 514 4102; x_wconf 85' lang='lat' dir='ltr'><strong>oportebat.</strong></span> <span class='ocrx_word' id='word_1_300' title='bbox 565 4041 594 4086; x_wconf 84' lang='lat' dir='ltr'><strong>x.</strong></span> <span class='ocrx_word' id='word_1_301' title='bbox 616 4022 677 4086; x_wconf 80' lang='lat' dir='ltr'><strong>dan</strong></span> <span class='ocrx_word' id='word_1_302' title='bbox 701 4023 734 4103; x_wconf 87' lang='lat' dir='ltr'><strong>(l.</strong></span> <span class='ocrx_word' id='word_1_303' title='bbox 756 4022 776 4087; x_wconf 95' lang='lat' dir='ltr'><strong>l.</strong></span> <span class='ocrx_word' id='word_1_304' title='bbox 799 4041 827 4102; x_wconf 94' lang='lat' dir='ltr'><strong>p.</strong></span> <span class='ocrx_word' id='word_1_305' title='bbox 850 4021 901 4103; x_wconf 87' lang='grc'><strong>16)</strong></span> <span class='ocrx_word' id='word_1_306' title='bbox 928 4022 1021 4086; x_wconf 89' lang='lat' dir='ltr'><strong>dicit:</strong></span> <span class='ocrx_word' id='word_1_307' title='bbox 1049 4021 1131 4102; x_wconf 72' lang='lat' dir='ltr'><strong>tinde</strong></span> <span class='ocrx_word' id='word_1_308' title='bbox 1155 4020 1239 4102; x_wconf 90' lang='lat' dir='ltr'><strong>quod</strong></span> <span class='ocrx_word' id='word_1_309' title='bbox 1260 4021 1413 4086; x_wconf 89' lang='lat' dir='ltr'><strong>Pindarus</strong></span> 
     </span>
     <span class='ocr_line' id='line_1_38' title="bbox 243 4120 1414 4209; baseline 0.001 -24"><span class='ocrx_word' id='word_1_310' title='bbox 243 4120 330 4185; x_wconf 92' lang='lat' dir='ltr'><strong>illam</strong></span> <span class='ocrx_word' id='word_1_311' title='bbox 350 4121 491 4185; x_wconf 89' lang='lat' dir='ltr'><strong>nominat</strong></span> <span class='ocrx_word' id='word_1_312' title='bbox 509 4121 654 4209; x_wconf 80' lang='grc' dir='ltr'><strong><em>δφηλυίν,</em></strong></span> <span class='ocrx_word' id='word_1_313' title='bbox 675 4129 766 4188; x_wconf 88' lang='lat' dir='ltr'><strong>acute</strong></span> <span class='ocrx_word' id='word_1_314' title='bbox 784 4141 852 4186; x_wconf 89' lang='lat' dir='ltr'><strong>eam</strong></span> <span class='ocrx_word' id='word_1_315' title='bbox 866 4123 1008 4188; x_wconf 91' lang='lat' dir='ltr'><strong>sonuisse</strong></span> <span class='ocrx_word' id='word_1_316' title='bbox 1022 4139 1080 4186; x_wconf 93' lang='lat' dir='ltr'><strong>non</strong></span> <span class='ocrx_word' id='word_1_317' title='bbox 1092 4120 1194 4186; x_wconf 89' lang='lat' dir='ltr'><strong>audeo</strong></span> <span class='ocrx_word' id='word_1_318' title='bbox 1206 4120 1414 4200; x_wconf 77' lang='lat' dir='ltr'><strong>concludere&#39;3</strong></span> 
     </span>
    </p>
   </div>
   <div class='ocr_carea' id='block_1_7' title="bbox 0 0 1626 4976">
    <p class='ocr_par' dir='ltr' id='par_1_8' title="bbox 0 0 1626 4976">
     <span class='ocr_line' id='line_1_39' title="bbox 0 0 1626 4976; baseline 0 0"><span class='ocrx_word' id='word_1_319' title='bbox 0 0 1626 4976; x_wconf 95' lang='lat' dir='ltr'><strong> </strong></span> 
     </span>
    </p>
   </div>
  </div>
 </body>
</html>
