3244 4976
719 401 756 466 17

238 588 304 652 Iam
334 585 423 650 lacile
448 583 652 666 perspicitur,
680 581 834 663 quomodo
857 580 1033 661 διάλεκτος,
1055 583 1178 664 qualem
1201 585 1321 652 Aristo-

153 689 233 754 teles
256 687 418 766 intelligit,
449 683 667 749 instrumentis
689 700 811 764 quoque
834 682 959 747 musicis
981 683 1083 747 inesse
1105 685 1212 764 possit.
1259 687 1321 751 tria

153 795 239 867 sunt,
261 806 341 870 quae
361 786 544 851 Aristoteles
564 783 584 849 l.
596 782 616 848 l.
639 784 683 847 eis
703 783 824 861 tribuit,
846 782 1014 848 α’πόιασιν
1031 784 1125 865 με’λος
1141 785 1320 850 διάλεκτον.

149 888 321 954 οἰιτόιαοιν
343 887 461 952 habere
482 905 539 966 per
562 904 595 949 se
617 884 720 947 omnia
747 884 806 948 diei
832 889 982 965 possunt,
1012 901 1092 966 quae
1115 903 1170 966 per
1192 886 1319 966 aliquod

153 989 301 1074 temporis
334 989 470 1068 spatium
506 986 687 1067 pertinent3
726 984 916 1047 οἷπονείνειν
945 985 1040 1049 verbo
1070 985 1161 1048 Plato
1193 985 1319 1065 Protag.

150 1091 256 1155 3ῖ9Α.
279 1088 316 1154 de
338 1107 415 1152 sono
437 1105 581 1150 vasorum
611 1104 778 1148 aeneorum
810 1103 869 1148 non
900 1086 1006 1150 statim
1035 1084 1196 1150 deficiente
1219 1087 1320 1150 utitur

153 1225 189 1234 —-
213 1190 255 1252 τοὶ
285 1188 421 1269 χαλκεῖα
450 1187 613 1268 πληγέντα
639 1186 765 1267 μακρόν
794 1184 872 1270 ρ’χεῖ
895 1185 949 1248 καὶ
978 1185 1162 1264 οἷπονείνεο,
1193 1184 1254 1248 ἐοέν
1274 1185 1320 1271 μή

154 1288 355 1371 §ntidamai
372 1310 426 1360 τις.
471 1294 506 1350 at
528 1304 599 1348 vero
623 1285 723 1349 oinnis
746 1290 838 1349 timus
861 1285 935 1366 (qua
951 1304 1024 1349 voce
1042 1303 1152 1349 sonum
1172 1286 1319 1349 musicum

153 1405 173 1452 a
194 1388 327 1468 strepitu
350 1385 530 1466 distinguo),
553 1387 625 1467 quia
646 1384 804 1466 periodico
823 1385 904 1450 aeris
922 1391 1009 1449 motu
1027 1385 1174 1464 nascitur,
1197 1403 1321 1449 neeesse

153 1492 203 1551 est
229 1487 357 1570 aliquod
388 1487 537 1566 temporis
565 1485 700 1566 spatium
721 1483 860 1563 impleat,
882 1488 917 1548 ut
936 1483 1054 1566 percipi
1076 1485 1185 1564 possit.
1240 1485 1320 1548 idem

155 1587 230 1650 dicit
253 1585 444 1666 Porphyrius
467 1585 517 1664 (ad
542 1585 618 1649 Ptol.
640 1604 671 1666 p.
690 1586 778 1664 259),
808 1602 877 1648 eum
907 1589 1013 1648 tonum
1044 1591 1139 1660 negat
1166 1602 1234 1647 esse
1261 1585 1321 1648 uisi

155 1689 190 1749 ἐν
212 1684 415 1769 παρανασει,
446 1691 477 1748 et
500 1684 639 1762 Arabes,
670 1703 803 1764 quorum
825 1683 965 1748 doctrina
992 1703 1009 1748 e
1032 1683 1160 1749 Graecis
1183 1684 1321 1749 fontibus

150 1784 256 1865 fluxit,
297 1785 426 1848 docent:
466 1784 542 1846 »Ein
580 1785 646 1848 Ton
682 1784 724 1847 ist
759 1784 807 1848 ein
839 1784 895 1847 mit
924 1785 1009 1847 einer
1038 1785 1188 1862 gewissen
1218 1785 1322 1848 Dauer

154 1884 391 1950 erscheinender
426 1883 548 1963 Klang«
590 1884 742 1961 (Ambros
781 1883 853 1947 bist.
891 1901 971 1948 mus.
1011 1902 1041 1963 p.
1081 1883 1149 1964 88).
1215 1885 1321 1964 itaque

155 1983 338 2064 οἰιόιασις,
384 1989 492 2064 utpote
535 1985 603 2047 sine
644 2000 706 2064 qua
746 1989 841 2047 tonus
873 1984 1042 2048 consistere
1082 1991 1235 2064 nequeat,
1281 1984 1321 2048 ad

152 2089 252 2168 ipsam
283 2091 376 2148 tonos
407 2083 517 2147 edendi
546 2081 726 2147 facultatem
758 2083 994 2162 significandam
1027 2089 1207 2164 usurpatur.
1249 2083 1322 2147 hinc

152 2184 338 2266 explicanda
368 2201 447 2264 quae
475 2181 662 2256 Aristoteles
692 2180 764 2247 hist.
786 2201 836 2245 an.
860 2183 887 2247 V
909 2187 978 2262 14,4
999 2182 1089 2248 dicit:
1125 2183 1273 2266 διαφέρει
1301 2183 1322 2266 ἡ

153 2284 246 2370 φωνή
278 2285 343 2346 τῶν
372 2282 517 2364 α’ρρένων
548 2282 601 2343 καῖ
629 2283 695 2344 τῶν
724 2282 866 2364 θηλειῶν
893 2284 929 2346 ἐν
953 2287 999 2364 τῷ
1017 2281 1199 2365 βαρύτερον
1221 2286 1323 2364 φθέγ-

151 2389 273 2465 γεσθαι
289 2385 331 2447 uei
345 2379 470 2465 ἄρρενα
485 2384 551 2444 τοῖν
568 2383 719 2463 θηλειῶν,
742 2378 829 2446 ὅσων
849 2383 941 2448 ἐστὶν
958 2382 1123 2457 α’πόνασις
1136 2387 1192 2470 τῆς
1206 2387 1322 2469 φωνῆς,

154 2503 267 2565 nempe
290 2485 443 2547 acutiores
466 2489 498 2546 et
521 2482 681 2562 graviores
704 2483 771 2546 soni
794 2483 825 2546 in
842 2483 885 2547 eis
901 2487 1025 2547 tantum
1045 2484 1222 2548 animalium
1242 2485 1322 2548 voci-

155 2587 214 2649 bus
237 2583 388 2660 distingui
412 2588 560 2662 possunt,
589 2599 668 2661 quae
691 2584 772 2645 tonis
795 2587 959 2662 coustant,
988 2601 1051 2647 non
1074 2601 1158 2647 mero
1180 2584 1321 2664 strepitu.

155 2684 250 2766 με’λος
265 2683 407 2763 explieat,
434 2681 516 2761 quod
539 2681 601 2745 iam
625 2683 706 2744 inest
728 2683 760 2744 in
783 2683 917 2762 apotasi,
939 2682 1055 2746 scilieet
1075 2684 1209 2753 musicos
1229 2702 1321 2747 sonos

154 2782 367 2847 instrumentis
398 2781 483 2859 gigni
515 2779 622 2862 (με’λος
650 2799 712 2843 non
742 2781 779 2844 de
808 2780 955 2859 melodia,
985 2783 1039 2846 sed
1070 2782 1108 2846 de
1135 2783 1202 2847 soni
1226 2783 1321 2863 ipsius

44 2954 46 2973 Ι
155 2881 257 2945 indole
280 2882 372 2945 Plato
395 2897 516 2960 quoque
539 2880 658 2944 Phileb.
680 2883 714 2944 51
732 2882 769 2944 Ι).
794 2886 939 2961 usurpat,
971 2881 1021 2946 ubi
1051 2883 1116 2944 τῶν
1147 2885 1264 2963 φωνῶν
1287 2883 1324 2946 αἱ

44 2992 47 3063 ξ
152 2980 237 3044 λεῖαι
247 2979 301 3042 καὶ
314 2979 463 3059 λαμπραὶ
482 2977 518 3040 αῖ
533 2979 568 3041 ἓν
583 2979 775 3059 νικαθαρὸν
788 2977 890 3042 ῖεῖσαι
899 2979 994 3060 μέλος
1011 2983 1321 3064 commemorantur),

44 3066 47 3077 ’
154 3078 320 3150 διάλεκτος
349 3085 455 3141 autem
486 3081 641 3143 variorum
675 3083 819 3141 tonorum
848 3078 1066 3143 seriem-bene
1089 3080 1265 3144 ordinatam
1289 3090 1321 3146 et

153 3179 330 3242 distinctam
364 3177 472 3239 edendi
510 3177 691 3242 facultatem
729 3177 893 3258 significat.
948 3179 1074 3260 itaque,
1114 3185 1149 3242 ut
1180 3182 1322 3262 exempla

155 3277 294 3354 afferam,
317 3276 396 3356 lapis
414 3276 461 3340 vel
481 3283 571 3357 gutta
589 3278 702 3342 cadens
724 3295 826 3358 neque
846 3274 1014 3341 αἰιόιασιν
1034 3296 1134 3358 neque
1151 3279 1322 3344 διάλεκτον

47 3428 50 3437 .
151 3375 264 3450 habet;
296 3393 357 3439 una
386 3377 501 3439 chorda
524 3375 572 3440 vel
596 3375 840 3440 tintinnabulum
864 3376 915 3440 uel
936 3395 1016 3441 unus
1038 3376 1161 3442 fistulae
1184 3378 1320 3444 calamus

151 3474 320 3538 α’πίτασιν
350 3481 383 3538 et
412 3475 507 3556 μέλος
538 3475 673 3547 habent,
706 3493 768 3539 non
798 3475 982 3555 dialexeos,
1017 3477 1149 3541 ‹lialeeto
1169 3477 1321 3542 foramina

47 3554 51 3653 ζ
151 3574 250 3638 tibiae
283 3574 330 3638 vel
358 3573 543 3639 chordarum
575 3593 724 3638 numerus
759 3593 819 3640 uno
842 3577 1053 3641 instrumento
1076 3578 1197 3642 iunctus
1219 3579 1320 3643 locum

152 3673 239 3738 dant.
303 3691 370 3736 eum
416 3675 473 3739 hac
519 3675 725 3755 explicatione
770 3675 927 3740 consentit
959 3675 1150 3756 Simplicius,
1194 3677 1246 3755 qui
1289 3676 1320 3739 in

152 3774 374 3836 commentario
398 3773 437 3836 ad
461 3772 543 3837 hunc
564 3775 665 3838 locum
687 3775 731 3857 (p.
748 3779 804 3839 148
817 3775 865 3838 cd.
878 3774 1044 3855 Hayduck)
1068 3775 1176 3838 eadem
1197 3775 1320 3838 ratione

50 3866 52 3875 '
152 3871 253 3951 με’λος
267 3878 299 3934 et
321 3871 491 3935 αἰιόνοισιν
512 3891 531 3936 ο
553 3873 686 3937 dialecto
708 3873 883 3954 distinguit.
928 3878 1032 3956 σαφὲς
1054 3874 1105 3956 δὲ,
1127 3873 1243 3954 inquit,
1267 3873 1321 3936 καὶ

149 3969 199 4034 ὅτι
219 3971 254 4032 ἐν
275 3969 385 4049 μόνοις
406 3975 474 4045 τοῖς
496 3970 656 4059 ἐμψύχοις
676 3971 699 4057 ἡ
719 3973 813 4056 φωνή
833 3972 887 4035 καὶ
910 3969 961 4035 ὅτι
981 3973 1080 4047 αὐλός
1098 3969 1121 4056 ἢ
1141 3971 1224 4055 λύρα
1244 3977 1323 4036 καθ’

52 4102 55 4115 ·
148 4069 326 4151 ὁμοιότητα
348 4069 474 4150 λέγεται
496 4075 618 4153 φωνεῖν
639 4072 695 4133 droa*
716 4073 754 4134 τὸ
776 4071 946 4136 andronio
968 4074 1062 4152 ἔχειν,
1084 4069 1151 4158 ἥτις
1173 4073 1233 4154 aria·
1254 4074 1322 4135 δια-

52 4156 57 4231 f
153 4170 356 4255 σορμανικήν
377 4170 478 4251 ’παρα
508 4174 575 4244 τοῖς
603 4175 770 4252 μουσικοῖς
798 4172 911 4256 φωνήν
925 4172 1111 4254 ,λεγομένην
1133 4172 1240 4256 δηλοῖ,
1270 4171 1324 4235 cib

53 4256 56 4277 ¹
151 4268 399 4352 ἡμελιζομένη,
430 4267 470 4350 ἣν
491 4267 534 4330 aa
556 4271 698 4351 μουσικοὶ
719 4275 867 4354 μιμεῖται
888 4267 1011 4353 ὄργανα
1034 4305 1073 4316 -
1095 4273 1234 4352 (κίνησιν
1255 4271 1323 4334 δια-

55 4358 57 4373 ¹
195 4401 267 4448 adierat,
285 4402 316 4449 a.)
1149 4401 1165 4452 2
