3244 4976
841 374 883 439 58

279 563 336 624 aut
372 555 505 638 primam
546 555 668 633 partem
701 548 830 614 alicuius
862 550 907 614 rei
938 547 1108 629 significat,
1146 547 1234 611 uelut
1264 544 1442 626 npoariiuov

279 658 438 734 11111111)
469 658 567 736 atque
594 650 747 714 orationis
776 649 965 729 prooemium
990 649 1120 714 Aristot.
1140 647 1220 712 rhet.
1246 653 1332 727 3,14
1360 648 1442 731 (pro-

279 758 368 822 oemii
393 756 507 818 vicibus
530 751 671 829 fungitur
693 767 742 829 ap.
765 747 898 829 Hesych.
921 766 1058 832 quoque,
1080 751 1133 832 qui
1155 748 1265 815 ἐνδόσ.
1289 750 1444 830 interpre-

279 861 366 920 tatur
395 855 433 917 τδ
465 852 531 934 πρὸ
564 852 621 934 τῆς
655 848 740 934 ᾠδῆς
768 847 984 929 κιθάρισμα),
1016 884 1054 893 -
1086 853 1141 912 aut
1173 849 1297 928 signum
1327 849 1442 931 aliquid

279 954 427 1032 faciendi,
451 951 661 1028 occasionem,
684 948 952 1030 provocationem.
1005 949 1091 1030 quod
1112 954 1279 1032 utrumque
1301 955 1445 1029 praestat

280 1052 446 1134 coryphaei
473 1049 673 1129 endosimon,
701 1048 754 1128 qui
781 1065 850 1113 cnm
879 1047 996 1127 primos
1024 1065 1117 1111 sonos
1137 1046 1203 1129 ipse
1222 1048 1324 1127 canit,
1354 1048 1444 1112 simul

281 1154 403 1233 signum
426 1147 607 1214 concinendi
630 1148 741 1213 ceteris
764 1147 828 1210 dat.
875 1145 1026 1211 Aelianus
1050 1165 1088 1210 ne
1109 1146 1141 1210 id
1162 1146 1288 1228 quidem
1310 1148 1443 1230 signnm,

280 1249 364 1332 quod
387 1247 617 1330 thynnoscopus
639 1246 845 1328 piscatoribus
867 1245 932 1324 dat,
954 1246 1045 1310 simul
1070 1251 1194 1312 etcum
1217 1249 1351 1328 strategi
1374 1266 1445 1329 syn-

282 1347 453 1430 themate⁸i
480 1360 512 1412 ct
532 1365 600 1412 cum
623 1346 779 1411 endosimo
799 1345 989 1428 χορολέκτον
1010 1363 1194 1427 comparare
1215 1353 1340 1413 veretur
1362 1349 1445 1430 (bist.

280 1465 330 1512 an.
355 1449 404 1526 15,
417 1445 461 1529 5).

365 1553 554 1634 Praecipuae
583 1552 681 1632 igitur
704 1552 735 1616 in
756 1551 903 1617 carminis
924 1551 1074 1632 cuiusque
1096 1553 1183 1618 initio
1205 1563 1353 1621 accurate
1375 1575 1446 1636 pro-

281 1652 408 1717 ferendo
425 1652 589 1733 coryphaei
610 1661 718 1734 partes
739 1652 837 1716 fuisse
858 1670 895 1716 ex
916 1652 964 1716 his
987 1653 1131 1718 omnibus
1154 1661 1293 1736 apparet.
1336 1674 1447 1721 caven-

281 1751 353 1816 dum
376 1756 480 1815 tamen
503 1751 552 1816 bic
573 1769 697 1833 quoque
714 1757 773 1830 est,
797 1770 836 1815 ne
852 1752 893 1816 ad
909 1751 1111 1817 artificiosam
1125 1754 1256 1819 Pindari
1275 1761 1446 1837 temporum

281 1851 398 1931 poesim
436 1851 596 1915 andosima
628 1851 682 1915 illa
715 1851 904 1930 referamus,
942 1871 1021 1934 quae
1052 1852 1186 1918 fortasse
1217 1855 1448 1919 vetustissimae

281 1955 406 2014 tantum
440 1951 556 2015 aetatis
586 1949 702 2015 fuerint
741 1957 774 2016 et
805 1953 837 2015 in
869 1952 934 2018 solo
967 1953 1113 2035 populari
1142 1961 1238 2018 cantu
1272 1955 1320 2019 vel
1349 1955 1447 2019 sacris

281 2050 397 2113 vetusti
437 2050 532 2115 moris
568 2049 728 2114 tenacibus
762 2052 979 2116 remanserint.
1030 2053 1132 2134 prisco
1165 2071 1250 2118 more
1283 2053 1323 2118 ad
1356 2055 1448 2119 unius

281 2153 407 2213 cantum
441 2148 607 2230 epbymnia
638 2150 725 2213 chori
759 2151 927 2215 accessisse
961 2151 1115 2216 Homerus
1147 2152 1254 2234 docet3
1291 2153 1375 2236 quod
1407 2154 1447 2218 de

281 2246 401 2312 lenaico
441 2265 542 2328 agone
575 2247 671 2314 schol.
707 2250 761 2313 Ar.
790 2267 857 2314 ran.
892 2254 952 2314 479
983 2251 1080 2315 refert
1110 2251 1138 2332 εὁ
1168 2252 1329 2336 δᾳδοῦχος
1355 2255 1446 2335 λέγει·

280 2345 409 2409 καλεῖτε
431 2345 525 2426 θεόν,
546 2348 602 2411 καὶ
624 2346 655 2410 οἱ
677 2346 894 2422 ἐπακούοντες
912 2354 1024 2432 βοῶσι·
1058 2350 1208 2440 Σεμελή1“’
1221 2349 1329 2435 Ἴακχε
1349 2355 1448 2422 πλον-

281 2445 413 2508 τοδότα’
443 2446 549 2527 (carm.
577 2466 647 2528 pop.
678 2452 696 2511 5
727 2447 862 2528 Bergk),
900 2452 965 2514 veri
1005 2453 1158 2517 andosimi
1186 2456 1358 2536 exemplum
1387 2463 1446 2521 111.

283 2544 475 2625 ἐξάρχοντος
496 2551 600 2611 autem
622 2565 684 2611 non
707 2547 808 2612 solum
831 2554 901 2613 erat
920 2553 1028 2631 paucis
1051 2551 1153 2616 verbis
1174 2555 1306 2618 canendi
1324 2557 1446 2636 signum

283 2644 376 2723 dare,
396 2645 450 2709 secl
471 2647 565 2710 etiam
589 2652 658 2711 tota
679 2648 818 2711 carmina
839 2654 985 2732 cantare,
1008 2651 1122 2732 quibus
1146 2670 1165 2715 a
1187 2653 1281 2718 choro
1304 2672 1366 2718 non
1389 2655 1448 2719 nisi

283 2743 521 2810 vociferationes
544 2747 697 2828 quaedam
719 2746 909 2811 accedebant
931 2748 979 2829 (cf.
1003 2749 1118 2816 Christ.
1140 2751 1232 2817 Metr.
1256 2757 1339 2836 699),
1362 2755 1448 2818 velut

283 2843 366 2924 apud
403 2843 573 2909 Homerum
607 2850 637 2910 Ω
668 2850 723 2909 721
762 2845 894 2934 θρήνων
929 2851 1060 2931 ἔξαρχοι
1095 2851 1299 2918 στονόεσσαν
1335 2854 1451 2945 οἷοιδὴν

283 2942 453 3030 ἐθρήνεον,
470 2945 527 3008 ἐπὶ
543 2945 580 3008 δὲ
597 2945 796 3027 στενάχοντο
813 2953 968 3034 γυναῖκες,
987 2951 1071 3033 quod
1089 2953 1268 3019 illustratur
1281 2974 1301 3019 a
1312 2957 1449 3025 Lucieno

283 3042 335 3122 (de
358 3044 445 3108 luctu
467 3063 492 3108 c.
508 3044 559 3128 20)
581 3045 723 3130 εθρήνων
745 3049 907 3133 σοφιστήν
927 3051 1052 3124 πολλάς
1073 3053 1286 3134 συνειλοχότα
1305 3059 1452 3136 παλαιοὶς

284 3143 455 3226 συμφοράς
474 3194 481 3209 .
499 3194 506 3208 .
524 3193 557 3208 ..
580 3145 672 3209 ὁποῖ’
690 3143 734 3210 ἄν
755 3148 876 3222 ἐκεῖνος
897 3149 1028 3236 ἐξάρχῃ,
1051 3153 1133 3235 πρὸς
1153 3154 1192 3218 cri
1214 3155 1310 3236 μέλος
1331 3158 1450 3223 ἐπαιοέ-

283 3242 438 3323 ζοντεξθ).

354 3487 381 3555 1)
405 3488 439 3542 de
464 3488 550 3544 tibiae
576 3492 660 3544 cantu
684 3492 798 3546 verbum
826 3495 953 3546 ἐνδιδόναι
982 3512 1064 3565 saepe
1089 3502 1251 3570 usurpatur,
1276 3501 1310 3555 cf.
1335 3501 1451 3557 Photiua

285 3575 429 3642 προαύλιον·
465 3575 479 3625 ὅ·
498 3577 679 3642 προενδίδωσιν
697 3579 709 3628 ὁ
728 3580 846 3648 αὐλητής.
881 3580 978 3650 itaque
991 3583 1084 3648 miror,
1104 3585 1178 3651 quod
1187 3584 1304 3654 Spengel
1316 3586 1345 3641 in
1357 3588 1452 3644 adnot.

284 3658 411 3714 adhunc
431 3661 588 3716 Aristotelis
606 3663 695 3718 locum
716 3665 750 3719 de
768 3667 886 3721 veritate
906 3669 1032 3722 lectionis
1052 3671 1183 3732 ἐνδόσιμον
1201 3671 1320 3726 dubitat.

354 3773 381 3842 2)
399 3773 433 3826 cf.
452 3774 555 3828 Himer.
575 3790 614 3830 01¹.
633 3775 722 3844 IIL9:
748 3780 824 3837 αὐτὸς
846 3781 960 3840 tunctunc
976 3783 1006 3832 τὸ
1025 3783 1160 3850 σύνθημα,
1185 3783 1270 3852 ὥσπερ
1288 3783 1300 3833 ὅ
1318 3785 1377 3844 θεὸς
1394 3793 1452 3842 ταῖς

285 3857 344 3918 Διὸς
360 3861 502 3927 παρθένοις
518 3874 576 3924 ταῖς
595 3865 718 3924 Μούσαις.
755 3864 792 3920 ib.
811 3867 875 3920 XIV
887 3867 934 3921 31:
954 3869 1033 3940 χοροῖο
1051 3870 1182 3938 σύνθημα.

356 3975 382 4041 3)
404 3975 519 4028 Alcman
540 3993 602 4030 cum
620 3975 726 4030 Musam
747 3976 932 4050 111111ιῖρχοιν
952 3979 1103 4048 (111145)
1123 3981 1213 4032 totum
1232 3980 1451 4043 contumacem,

286 4062 320 4114 11
336 4061 472 4114 Homerus
490 4063 575 4117 verbo
593 4063 669 4131 ἄειδε,
688 4066 723 4119 ad
741 4067 820 4121 deam
839 4067 937 4130 refert;
958 4067 1021 4136 ἄρχε
1040 4082 1095 4120 non
1113 4065 1255 4135 significat
1275 4062 1385 4133 jncipe',
1406 4062 1452 4117 sed

287 4141 379 4227 (praei,
399 4159 469 4210 (111ae
487 4167 539 4220 ego
558 4152 655 4208 audita
674 4154 831 4209 hominibus
850 4155 972 4209 bradam’.
