3244 4976
860 333 903 398 48

287 515 447 580 contineat
477 513 572 594 (quae
600 515 674 596 quin
705 516 860 595 genuinae
887 517 966 596 sint,
995 536 1057 582 non
1087 533 1156 580 esse
1177 532 1234 578 cur
1256 511 1460 594 dubitemus),

284 615 323 680 ad
342 634 446 679 vocem
462 619 640 678 πείθονται
655 616 696 695 (v.
709 616 740 695 3)
763 616 926 696 adscripta
944 623 1086 680 exstare:
1112 615 1216 697 εχορός
1233 613 1277 688 εἰς
1293 612 1458 693 κιθάρανῖ

287 715 389 778 verbis
411 714 504 797 paulo
528 716 718 780 cautioribus
742 715 863 780 Croiset
887 716 928 799 (p.
949 722 1001 796 92)
1032 715 1138 779 eodem
1167 715 1345 780 testimonio
1369 719 1456 777 nisus

285 815 420 879 fortasse
453 815 655 896 stropharum
688 816 804 896 primos
845 834 984 897 quosque
1017 833 1124 879 versus
1155 814 1349 894 singulorum
1380 831 1455 877 voce

287 914 443 978 interdum
468 921 613 978 cantatos
637 933 704 978 esse
728 914 813 978 dicit.
857 935 957 980 meum
980 935 1040 979 non
1063 922 1111 980 est
1134 916 1172 980 de
1192 915 1344 980 melodiae
1361 915 1455 978 istius

285 1014 346 1077 fide
376 1015 424 1077 hic
456 1015 627 1095 disputare.
682 1033 775 1095 quiam
806 1016 1041 1080 accuratissime
1072 1015 1236 1096 Westphal
1266 1015 1378 1096 (Metr.
1408 1015 1456 1078 11²

285 1118 344 1177 611
368 1117 427 1195 sq.)
465 1116 653 1178 examinavit
686 1121 719 1178 et
750 1123 823 1179 tunc
853 1116 994 1196 quidem,
1033 1125 1200 1196 postquam
1228 1115 1259 1178 in
1289 1120 1455 1194 utramque

284 1219 405 1294 partem
434 1215 621 1293 disputavit,
654 1213 768 1278 iudicio
790 1214 962 1294 abstinuit,
992 1234 1072 1280 nunc
1096 1215 1155 1294 (ll8
1174 1213 1289 1295 XLVI)
1313 1214 1454 1295 spuriam

283 1315 409 1378 iudicat,
454 1315 532 1378 mira
557 1314 693 1378 Geraert
716 1313 759 1396 (ll
783 1315 939 1395 appendix
961 1314 978 1398 g
1000 1315 1032 1395 9)
1056 1315 1253 1396 excogitavit,
1276 1321 1312 1378 ut
1334 1315 1455 1394 gravis-

286 1415 381 1479 simas
411 1419 521 1478 contra
550 1413 642 1478 fidem
674 1414 741 1479 eius
777 1414 968 1494 suspiciones
996 1420 1181 1480 removeret.
1233 1433 1325 1480 unum
1357 1433 1455 1494 argu-

286 1522 433 1593 mentum,
456 1513 536 1594 quod
557 1531 614 1592 pro
638 1531 674 1576 ea
697 1512 832 1579 Ambros
853 1516 942 1596 (hist.
966 1533 1043 1580 mus.
1065 1516 1078 1579 Ι
1099 1516 1176 1599 447)
1200 1515 1324 1595 attulit,
1347 1521 1455 1596 potest

288 1614 420 1678 alicuius
438 1615 585 1678 momenti
598 1614 714 1678 videri:
736 1615 789 1680 illo
807 1618 886 1680 enim
906 1622 1044 1698 tempore
1067 1616 1154 1697 (ante
1166 1616 1268 1697 Alypii
1283 1617 1453 1680 editionem

287 1713 491 1778 aMeibomio
514 1712 629 1777 iactam
656 1715 749 1797 1651)
777 1716 943 1780 nescivisse
974 1716 1112 1780 homines
1143 1717 1270 1796 rioctos,
1302 1733 1455 1798 quosnam

287 1831 378 1878 sonos
400 1819 494 1878 notae
516 1815 650 1878 musicae
672 1815 902 1898 significarent,
931 1835 1031 1898 neque
1055 1817 1137 1882 credi
1159 1835 1250 1898 posse
1271 1837 1355 1882 mero
1374 1835 1454 1880 cuso

287 1915 370 1978 notis
391 1915 515 1979 musicis
539 1914 578 1978 ab
601 1933 653 1992 eo,
684 1917 735 1996 qui
758 1917 826 1996 ipse
849 1935 902 1981 eas
924 1936 986 1982 non
1008 1917 1222 1997 intellegeret,
1244 1923 1360 1981 temere
1381 1934 1454 1980 cou-

288 2013 377 2078 iectis
416 2019 480 2077 tam
516 2014 663 2095 pulchros
702 2017 809 2081 modos
843 2019 1010 2082 exstitisse.
1072 2019 1186 2083 etenim
1225 2018 1454 2099 praestantiam

288 2113 439 2177 melodiae
463 2115 594 2180 Ambros
622 2133 696 2180 saue
721 2135 816 2199 quam
843 2117 964 2181 laudat.
1012 2123 1140 2182 atvero
1161 2124 1327 2198 postquam
1350 2117 1453 2180 West-

289 2211 363 2293 phal
387 2214 757 2295 (1131181111166166
781 2216 821 2280 ab
841 2217 1003 2299 Anonymo
1026 2219 1170 2283 Bellerm.
1194 2219 1225 2301 (ἕ
1243 2220 1295 2300 97)
1319 2219 1455 2282 traditos

289 2329 357 2375 cum
389 2312 471 2377 bello
501 2316 637 2378 carmine
663 2315 804 2396 populari
827 2317 959 2382 Suebico
983 2320 1174 2400 comparavit
1196 2325 1228 2383 et
1249 2319 1333 2384 illius
1358 2337 1455 2384 venu—

289 2418 372 2477 state
394 2433 454 2477 non
476 2414 639 2480 inferiores
661 2415 828 2498 iudicavit,
857 2416 1023 2497 negotiari
1045 2437 1154 2500 posse,
1184 2426 1219 2484 ot
1241 2419 1354 2501 aliquis
1375 2437 1455 2502 pau-

286 2513 371 2576 culos
402 2532 494 2578 sonos
523 2515 665 2596 quamvis
695 2515 805 2580 inscite
834 2517 989 2597 cumulet,
1017 2519 1091 2599 quin
1114 2521 1226 2604 aliquis
1248 2521 1291 2583 rei
1315 2520 1452 2583 musicae

288 2613 410 2692 peritus
448 2614 594 2693 exsistat,
634 2617 685 2698 qui
716 2635 784 2682 eam
814 2618 1054 2698 pulcherrimam
1088 2620 1252 2684 melodiam
1282 2637 1351 2684 esse
1382 2637 1454 2684 con-

291 2712 444 2794 tendam).

372 2813 525 2890 Quoniam
545 2819 647 2879 autem
670 2815 808 2896 spuriam
827 2833 896 2880 esse
917 2817 1081 2881 melodiam
1103 2818 1287 2884 allirchero
1305 2819 1456 2883 traditam

289 2932 449 2998 nunquam
467 2915 600 2980 fortasse
617 2915 710 2980 certis
730 2916 921 2995 argumentis
935 2919 1052 2998 poterit
1070 2917 1287 2998 demonstrari,
1308 2920 1339 2982 in
1355 2919 1455 2999 ipsam

291 3015 372 3080 hanc
392 3016 529 3081 notulam
553 3014 656 3097 (χορός
677 3013 721 3089 εἰς
741 3014 896 3097 xaidpau’
918 3016 1078 3100 inquirere
1104 3036 1217 3098 operae
1238 3019 1374 3099 pretium
1396 3023 1455 3082 est.

289 3127 485 3137 ———-

361 3164 386 3232 1)
410 3169 570 3234 Anonymus
594 3165 653 3233 ipse
676 3180 732 3218 non
757 3163 971 3232 vituperandus,
997 3165 1045 3234 qui
1071 3167 1105 3219 ad
1132 3167 1313 3221 exercendam
1336 3164 1457 3220 tibicinis

290 3268 400 3305 manum
428 3253 497 3305 haee
519 3249 688 3319 composuit:
720 3251 804 3322 deig
820 3252 824 3321 Ι
840 3251 924 3321 dleg
941 3251 952 3323 ΙΙ
970 3251 1080 3323 dgefl
1101 3251 1211 3323 degli!
1231 3253 1315 3321 dfge
1331 3253 1335 3322 Ι
1351 3251 1455 3322 dgfell

289 3339 401 3408 rythmo
423 3337 542 3392 iambico
566 3337 645 3391 nulla
663 3336 799 3392 varietate
818 3338 957 3393 distincto.
995 3338 1050 3392 iam
1070 3337 1247 3393 Bellermann
1266 3338 1374 3392 monuit
1393 3354 1455 3391 6611-

290 3425 373 3479 116611
391 3425 443 3479 hoc
461 3424 588 3494 exemplo
607 3440 700 3478 omnes
720 3441 768 3478 sax
788 3424 937 3490 melodias,
962 3441 1033 3494 quae
1051 3425 1139 3479 ternis
1158 3424 1232 3480 sonis
1251 3423 1378 3494 componi
1397 3440 1455 3493 pos·

290 3513 359 3565 sent.
394 3527 483 3579 neque
504 3510 556 3565 hoc
574 3509 641 3564 satis
659 3512 714 3565 est:
734 3511 953 3578 permutationes
970 3511 1050 3574 istae,
1068 3528 1136 3578 quus
1150 3510 1246 3566 dicunt
1259 3509 1457 3573 mathematici,

290 3600 365 3652 certo
383 3598 501 3667 quodam
522 3597 616 3652 ordine
636 3597 790 3652 afferuntur
809 3599 961 3652 secundum
978 3597 1203 3652 mathematicam
1224 3597 1375 3661 rationem,
1401 3613 1458 3650 uon

293 3685 424 3738 musicam
438 3683 608 3754 elegantiam
624 3681 766 3736 subtiliter
777 3685 942 3756 excogitato.
977 3701 1040 3738 nam
1058 3683 1197 3753 incipiunt
1216 3684 1251 3737 ab
1269 3683 1337 3754 efg,
1357 3686 1459 3738 exeunt

289 3771 319 3824 in
338 3771 408 3842 gie,
432 3769 543 3841 singula
560 3773 657 3834 metra,
676 3769 784 3824 cumin
803 3788 849 3840 gg
863 3771 943 3826 free
962 3777 1070 3836 exeunt,
1089 3771 1145 3824 tria
1162 3771 1224 3825 colo
1242 3770 1379 3835 efficiunt;
1399 3769 1460 3822 cola

293 3857 410 3926 denique
426 3856 500 3912 inter
516 3874 544 3911 se
559 3856 654 3910 ordine
672 3855 835 3910 invertendo
849 3857 1068 3928 coniunguntur:
1087 3856 1148 3926 feg
1158 3886 1189 3895 -
1199 3856 1265 3926 gei,
1284 3857 1382 3926 egf-
1392 3857 1457 3924 ige.

295 3943 361 3997 hinc
377 3960 460 4011 quam
481 3941 632 3997 certissime
651 3941 776 4008 sequitur
792 3943 941 3998 melodium
960 3943 1078 3997 noluisse
1097 3943 1226 4012 prodere,
1250 3942 1374 4012 quisquiu
1392 3942 1460 3995 haec

291 4028 436 4098 scripserit.
475 4046 539 4085 nam
558 4028 702 4098 pulchram
721 4044 776 4082 non
794 4045 853 4083 esse
871 4045 926 4084 non
951 4032 1043 4099 potest
1068 4028 1267 4098 demonstrari;
1292 4043 1459 4096 quamquam

295 4132 392 4184 paucos
412 4116 470 4170 iore
487 4119 601 4183 confido,
620 4113 666 4182 qui
681 4129 735 4167 nou
746 4113 870 4171 iudicent
881 4114 959 4185 peius
970 4114 1042 4170 nihil
1052 4114 1104 4168 tali
1115 4114 1321 4169 melodiaeondi
1336 4111 1464 4183 potuisse.
