<?xml version="1.0" encoding="UTF-8"?>
<!DOCTYPE html PUBLIC "-//W3C//DTD XHTML 1.0 Transitional//EN"
    "http://www.w3.org/TR/xhtml1/DTD/xhtml1-transitional.dtd">
<html xmlns="http://www.w3.org/1999/xhtml" xml:lang="en" lang="en">
 <head>
  <title>
</title>
<meta http-equiv="Content-Type" content="text/html;charset=utf-8" />
  <meta name='ocr-system' content='tesseract 3.04.00' />
  <meta name='ocr-capabilities' content='ocr_page ocr_carea ocr_par ocr_line ocrx_word'/>
</head>
<body>
  <div class='ocr_page' id='page_1' title='image "./degraecourmvete00grafgoog_0089.png"; bbox 0 0 3244 4976; ppageno 0'>
   <div class='ocr_carea' id='block_1_1' title="bbox 743 375 779 438">
    <p class='ocr_par' dir='ltr' id='par_1_1' title="bbox 743 375 779 438">
     <span class='ocr_line' id='line_1_1' title="bbox 743 375 779 438; baseline 0 0"><span class='ocrx_word' id='word_1_1' title='bbox 743 375 779 438; x_wconf 88' lang='lat'>81</span> 
     </span>
    </p>
   </div>
   <div class='ocr_carea' id='block_1_2' title="bbox 178 549 1351 1044">
    <p class='ocr_par' dir='ltr' id='par_1_2' title="bbox 178 549 1351 1044">
     <span class='ocr_line' id='line_1_2' title="bbox 178 549 1347 636; baseline 0.015 -21"><span class='ocrx_word' id='word_1_2' title='bbox 178 551 283 619; x_wconf 87' lang='lat' dir='ltr'>locum</span> <span class='ocrx_word' id='word_1_3' title='bbox 298 549 481 618; x_wconf 81' lang='lat' dir='ltr'><strong>tribuerent.</strong></span> <span class='ocrx_word' id='word_1_4' title='bbox 525 554 634 619; x_wconf 89' lang='lat' dir='ltr'>modos</span> <span class='ocrx_word' id='word_1_5' title='bbox 649 555 782 636; x_wconf 85' lang='lat' dir='ltr'>rythmis</span> <span class='ocrx_word' id='word_1_6' title='bbox 801 571 861 617; x_wconf 90' lang='lat' dir='ltr'>non</span> <span class='ocrx_word' id='word_1_7' title='bbox 880 557 1027 623; x_wconf 86' lang='lat' dir='ltr'>astrictos</span> <span class='ocrx_word' id='word_1_8' title='bbox 1049 557 1144 627; x_wconf 87' lang='lat' dir='ltr'>luisse</span> <span class='ocrx_word' id='word_1_9' title='bbox 1156 564 1208 630; x_wconf 93' lang='lat' dir='ltr'>diu</span> <span class='ocrx_word' id='word_1_10' title='bbox 1220 565 1347 632; x_wconf 91' lang='lat' dir='ltr'>demon-</span> 
     </span>
     <span class='ocr_line' id='line_1_3' title="bbox 180 652 1349 747; baseline 0.012 -28"><span class='ocrx_word' id='word_1_11' title='bbox 180 661 317 720; x_wconf 86' lang='lat' dir='ltr'>stratum</span> <span class='ocrx_word' id='word_1_12' title='bbox 346 658 395 719; x_wconf 87' lang='lat' dir='ltr'>est</span> <span class='ocrx_word' id='word_1_13' title='bbox 422 653 473 737; x_wconf 85' lang='lat' dir='ltr'>(oi.</span> <span class='ocrx_word' id='word_1_14' title='bbox 498 652 612 718; x_wconf 82' lang='lat' dir='ltr'>Christ.</span> <span class='ocrx_word' id='word_1_15' title='bbox 637 654 729 720; x_wconf 90' lang='lat' dir='ltr'>Metr.</span> <span class='ocrx_word' id='word_1_16' title='bbox 754 658 843 737; x_wconf 83' lang='lat'><strong>685);</strong></span> <span class='ocrx_word' id='word_1_17' title='bbox 875 657 986 722; x_wconf 89' lang='lat' dir='ltr'>mirum</span> <span class='ocrx_word' id='word_1_18' title='bbox 1014 661 1110 741; x_wconf 91' lang='lat' dir='ltr'>igitur</span> <span class='ocrx_word' id='word_1_19' title='bbox 1139 664 1242 731; x_wconf 88' lang='lat' dir='ltr'>adhuc</span> <span class='ocrx_word' id='word_1_20' title='bbox 1270 685 1349 747; x_wconf 90' lang='lat' dir='ltr'>esse,</span> 
     </span>
     <span class='ocr_line' id='line_1_4' title="bbox 179 754 1348 838; baseline 0.01 -18"><span class='ocrx_word' id='word_1_21' title='bbox 179 756 230 838; x_wconf 88' lang='lat' dir='ltr'>qui</span> <span class='ocrx_word' id='word_1_22' title='bbox 263 755 395 821; x_wconf 91' lang='lat' dir='ltr'>Pindari</span> <span class='ocrx_word' id='word_1_23' title='bbox 422 754 457 819; x_wconf 93' lang='lat'>0.</span> <span class='ocrx_word' id='word_1_24' title='bbox 481 757 510 836; x_wconf 90' lang='grc'>3,</span> <span class='ocrx_word' id='word_1_25' title='bbox 531 760 608 836; x_wconf 74' lang='lat' dir='ltr'>laq.</span> <span class='ocrx_word' id='word_1_26' title='bbox 639 754 678 819; x_wconf 90' lang='lat' dir='ltr'>ad</span> <span class='ocrx_word' id='word_1_27' title='bbox 701 755 842 838; x_wconf 81' lang='lat' dir='ltr'>rythmos</span> <span class='ocrx_word' id='word_1_28' title='bbox 872 757 1019 824; x_wconf 83' lang='lat' dir='ltr'>referant.</span> <span class='ocrx_word' id='word_1_29' title='bbox 1076 761 1233 830; x_wconf 84' lang='lat' dir='ltr'><strong>Pindarus</strong></span> <span class='ocrx_word' id='word_1_30' title='bbox 1263 766 1348 832; x_wconf 90' lang='lat' dir='ltr'>ibia</span> 
     </span>
     <span class='ocr_line' id='line_1_5' title="bbox 179 855 1351 949; baseline 0.009 -29"><span class='ocrx_word' id='word_1_31' title='bbox 179 855 270 921; x_wconf 87' lang='lat' dir='ltr'>Musa</span> <span class='ocrx_word' id='word_1_32' title='bbox 286 861 445 937; x_wconf 80' lang='lat' dir='ltr'>precatur,</span> <span class='ocrx_word' id='word_1_33' title='bbox 456 861 492 920; x_wconf 91' lang='lat' dir='ltr'>ut</span> <span class='ocrx_word' id='word_1_34' title='bbox 506 873 576 920; x_wconf 83' lang='lat' dir='ltr'>sese</span> <span class='ocrx_word' id='word_1_35' title='bbox 591 855 716 920; x_wconf 85' lang='lat' dir='ltr'>adiuvet</span> <span class='ocrx_word' id='word_1_36' title='bbox 727 857 915 938; x_wconf 78' lang='grc' dir='ltr'><strong><em>νεοσίγαλον</em></strong></span> <span class='ocrx_word' id='word_1_37' title='bbox 926 857 1055 941; x_wconf 75' lang='grc' dir='ltr'><strong><em>εὑρόντι</em></strong></span> <span class='ocrx_word' id='word_1_38' title='bbox 1068 861 1195 944; x_wconf 82' lang='grc' dir='ltr'><strong><em>τρόπον</em></strong></span> <span class='ocrx_word' id='word_1_39' title='bbox 1213 865 1217 946; x_wconf 94' lang='grc' dir='ltr'>Ι</span> <span class='ocrx_word' id='word_1_40' title='bbox 1236 871 1351 949; x_wconf 81' lang='grc' dir='ltr'><em>Δωρίῳ</em></span> 
     </span>
     <span class='ocr_line' id='line_1_6' title="bbox 182 954 1351 1044; baseline 0.009 -26"><span class='ocrx_word' id='word_1_41' title='bbox 182 957 296 1040; x_wconf 73' lang='grc' dir='ltr'><strong><em>φοινόν</em></strong></span> <span class='ocrx_word' id='word_1_42' title='bbox 310 954 490 1041; x_wconf 80' lang='grc' dir='ltr'><strong><em>ἐναρμόξαι</em></strong></span> <span class='ocrx_word' id='word_1_43' title='bbox 503 955 638 1037; x_wconf 80' lang='grc' dir='ltr'><strong><em>πεδίλῳ.</em></strong></span> <span class='ocrx_word' id='word_1_44' title='bbox 680 956 806 1020; x_wconf 83' lang='lat' dir='ltr'>Boeekh</span> <span class='ocrx_word' id='word_1_45' title='bbox 829 957 881 1038; x_wconf 88' lang='lat' dir='ltr'>(de</span> <span class='ocrx_word' id='word_1_46' title='bbox 894 976 934 1024; x_wconf 86' lang='lat' dir='ltr'>ut.</span> <span class='ocrx_word' id='word_1_47' title='bbox 946 959 979 1023; x_wconf 91' lang='grc' dir='ltr'>Ρ.</span> <span class='ocrx_word' id='word_1_48' title='bbox 993 962 1066 1042; x_wconf 76' lang='grc'>276)</span> <span class='ocrx_word' id='word_1_49' title='bbox 1076 961 1202 1044; x_wconf 77' lang='grc' dir='ltr'><strong><em>Δώριον</em></strong></span> <span class='ocrx_word' id='word_1_50' title='bbox 1217 965 1351 1029; x_wconf 79' lang='grc' dir='ltr'><strong><em>πέδιλον</em></strong></span> 
     </span>
    </p>
   </div>
   <div class='ocr_carea' id='block_1_3' title="bbox 158 1055 1364 3433">
    <p class='ocr_par' dir='ltr' id='par_1_3' title="bbox 158 1055 1364 3433">
     <span class='ocr_line' id='line_1_7' title="bbox 182 1055 1351 1146; baseline 0.008 -25"><span class='ocrx_word' id='word_1_51' title='bbox 182 1058 346 1122; x_wconf 83' lang='lat' dir='ltr'>adnotavit</span> <span class='ocrx_word' id='word_1_52' title='bbox 367 1075 429 1121; x_wconf 92' lang='lat' dir='ltr'>uon</span> <span class='ocrx_word' id='word_1_53' title='bbox 452 1055 633 1132; x_wconf 80' lang='lat' dir='ltr'>melodiam,</span> <span class='ocrx_word' id='word_1_54' title='bbox 655 1056 711 1120; x_wconf 90' lang='lat' dir='ltr'>sed</span> <span class='ocrx_word' id='word_1_55' title='bbox 734 1056 890 1138; x_wconf 87' lang='lat' dir='ltr'>rythmum</span> <span class='ocrx_word' id='word_1_56' title='bbox 910 1058 986 1140; x_wconf 88' lang='lat' dir='ltr'>dici,</span> <span class='ocrx_word' id='word_1_57' title='bbox 1018 1062 1072 1141; x_wconf 91' lang='lat' dir='ltr'>qui</span> <span class='ocrx_word' id='word_1_58' title='bbox 1094 1063 1172 1144; x_wconf 89' lang='lat' dir='ltr'>pede</span> <span class='ocrx_word' id='word_1_59' title='bbox 1192 1064 1351 1146; x_wconf 82' lang='lat' dir='ltr'>pulsetur3</span> 
     </span>
     <span class='ocr_line' id='line_1_8' title="bbox 158 1146 1353 1242; baseline 0.006 -22"><span class='ocrx_word' id='word_1_60' title='bbox 158 1146 264 1223; x_wconf 85' lang='lat' dir='ltr'>&#39;hano</span> <span class='ocrx_word' id='word_1_61' title='bbox 286 1158 475 1223; x_wconf 74' lang='lat' dir='ltr'>sententiam</span> <span class='ocrx_word' id='word_1_62' title='bbox 500 1173 560 1219; x_wconf 90' lang='lat' dir='ltr'>nou</span> <span class='ocrx_word' id='word_1_63' title='bbox 583 1156 674 1220; x_wconf 93' lang='lat' dir='ltr'>modo</span> <span class='ocrx_word' id='word_1_64' title='bbox 692 1156 815 1237; x_wconf 90' lang='lat' dir='ltr'>Dissen,</span> <span class='ocrx_word' id='word_1_65' title='bbox 834 1157 890 1222; x_wconf 88' lang='lat' dir='ltr'>sed</span> <span class='ocrx_word' id='word_1_66' title='bbox 911 1160 1004 1223; x_wconf 90' lang='lat' dir='ltr'>etiam</span> <span class='ocrx_word' id='word_1_67' title='bbox 1025 1159 1151 1242; x_wconf 80' lang='lat' dir='ltr'>Merger</span> <span class='ocrx_word' id='word_1_68' title='bbox 1171 1162 1353 1228; x_wconf 87' lang='lat' dir='ltr'>etGevaert</span> 
     </span>
     <span class='ocr_line' id='line_1_9' title="bbox 182 1255 1351 1340; baseline 0.004 -18"><span class='ocrx_word' id='word_1_69' title='bbox 182 1259 225 1338; x_wconf 82' lang='lat' dir='ltr'>ul</span> <span class='ocrx_word' id='word_1_70' title='bbox 256 1258 329 1338; x_wconf 82' lang='lat'><strong>390)</strong></span> <span class='ocrx_word' id='word_1_71' title='bbox 365 1262 549 1336; x_wconf 90' lang='lat' dir='ltr'>sequuntur.</span> <span class='ocrx_word' id='word_1_72' title='bbox 594 1255 701 1320; x_wconf 83' lang='lat' dir='ltr'>Christ</span> <span class='ocrx_word' id='word_1_73' title='bbox 739 1275 863 1338; x_wconf 87' lang='lat' dir='ltr'>quoque</span> <span class='ocrx_word' id='word_1_74' title='bbox 896 1258 988 1323; x_wconf 88' lang='lat' dir='ltr'>Matr.</span> <span class='ocrx_word' id='word_1_75' title='bbox 1011 1279 1042 1340; x_wconf 91' lang='lat' dir='ltr'>p.</span> <span class='ocrx_word' id='word_1_76' title='bbox 1066 1262 1107 1325; x_wconf 87' lang='lat'>50</span> <span class='ocrx_word' id='word_1_77' title='bbox 1142 1261 1277 1325; x_wconf 76' lang='grc' dir='ltr'><strong><em>πέδιλον</em></strong></span> <span class='ocrx_word' id='word_1_78' title='bbox 1312 1264 1351 1327; x_wconf 91' lang='lat' dir='ltr'>ad</span> 
     </span>
     <span class='ocr_line' id='line_1_10' title="bbox 182 1355 1352 1444; baseline 0.004 -22"><span class='ocrx_word' id='word_1_79' title='bbox 182 1357 337 1439; x_wconf 82' lang='lat' dir='ltr'>rythmum</span> <span class='ocrx_word' id='word_1_80' title='bbox 359 1358 465 1422; x_wconf 84' lang='lat' dir='ltr'>refert.</span> <span class='ocrx_word' id='word_1_81' title='bbox 512 1355 594 1437; x_wconf 91' lang='lat' dir='ltr'>quod</span> <span class='ocrx_word' id='word_1_82' title='bbox 619 1375 678 1419; x_wconf 91' lang='lat' dir='ltr'>non</span> <span class='ocrx_word' id='word_1_83' title='bbox 701 1356 770 1420; x_wconf 90' lang='lat' dir='ltr'>ideo</span> <span class='ocrx_word' id='word_1_84' title='bbox 788 1363 910 1421; x_wconf 89' lang='lat' dir='ltr'>tantum</span> <span class='ocrx_word' id='word_1_85' title='bbox 924 1357 1040 1424; x_wconf 86' lang='lat' dir='ltr'>falsum</span> <span class='ocrx_word' id='word_1_86' title='bbox 1054 1366 1111 1440; x_wconf 86' lang='lat' dir='ltr'>est,</span> <span class='ocrx_word' id='word_1_87' title='bbox 1133 1363 1206 1444; x_wconf 88' lang='lat' dir='ltr'>qula</span> <span class='ocrx_word' id='word_1_88' title='bbox 1218 1367 1352 1427; x_wconf 90' lang='lat' dir='ltr'>metrum</span> 
     </span>
     <span class='ocr_line' id='line_1_11' title="bbox 183 1457 1354 1546; baseline 0.003 -23"><span class='ocrx_word' id='word_1_89' title='bbox 183 1458 497 1540; x_wconf 89' lang='lat' dir='ltr'>doetyloepitritieum</span> <span class='ocrx_word' id='word_1_90' title='bbox 519 1457 638 1521; x_wconf 94' lang='lat' dir='ltr'>dorium</span> <span class='ocrx_word' id='word_1_91' title='bbox 653 1476 672 1521; x_wconf 91' lang='lat' dir='ltr'>a</span> <span class='ocrx_word' id='word_1_92' title='bbox 687 1457 843 1522; x_wconf 87' lang='lat' dir='ltr'>veteribus</span> <span class='ocrx_word' id='word_1_93' title='bbox 859 1459 1052 1540; x_wconf 88' lang='lat' dir='ltr'>appellatum</span> <span class='ocrx_word' id='word_1_94' title='bbox 1074 1479 1142 1526; x_wconf 88' lang='lat' dir='ltr'>esse</span> <span class='ocrx_word' id='word_1_95' title='bbox 1165 1480 1266 1546; x_wconf 90' lang='lat' dir='ltr'>neque</span> <span class='ocrx_word' id='word_1_96' title='bbox 1287 1463 1354 1527; x_wconf 91' lang='lat' dir='ltr'>veri</span> 
     </span>
     <span class='ocr_line' id='line_1_12' title="bbox 184 1557 1356 1642; baseline 0.002 -19"><span class='ocrx_word' id='word_1_97' title='bbox 184 1559 281 1623; x_wconf 92' lang='lat' dir='ltr'>simile</span> <span class='ocrx_word' id='word_1_98' title='bbox 310 1562 360 1622; x_wconf 88' lang='lat' dir='ltr'>est</span> <span class='ocrx_word' id='word_1_99' title='bbox 391 1574 493 1638; x_wconf 85' lang='lat' dir='ltr'>neque</span> <span class='ocrx_word' id='word_1_100' title='bbox 524 1575 658 1640; x_wconf 88' lang='lat' dir='ltr'>usquam</span> <span class='ocrx_word' id='word_1_101' title='bbox 688 1557 840 1622; x_wconf 89' lang='lat' dir='ltr'>traditum</span> <span class='ocrx_word' id='word_1_102' title='bbox 873 1565 906 1623; x_wconf 89' lang='lat' dir='ltr'>et</span> <span class='ocrx_word' id='word_1_103' title='bbox 928 1559 1080 1625; x_wconf 83' lang='lat' dir='ltr'>Pindarus</span> <span class='ocrx_word' id='word_1_104' title='bbox 1112 1561 1179 1642; x_wconf 89' lang='lat' dir='ltr'>ipse</span> <span class='ocrx_word' id='word_1_105' title='bbox 1201 1566 1251 1627; x_wconf 87' lang='lat' dir='ltr'>tot</span> <span class='ocrx_word' id='word_1_106' title='bbox 1272 1563 1356 1627; x_wconf 89' lang='lat' dir='ltr'>simi-</span> 
     </span>
     <span class='ocr_line' id='line_1_13' title="bbox 185 1656 1355 1744; baseline 0.004 -23"><span class='ocrx_word' id='word_1_107' title='bbox 185 1659 266 1723; x_wconf 90' lang='lat' dir='ltr'>libus</span> <span class='ocrx_word' id='word_1_108' title='bbox 300 1657 376 1723; x_wconf 89' lang='lat' dir='ltr'>locis</span> <span class='ocrx_word' id='word_1_109' title='bbox 398 1657 522 1734; x_wconf 81' lang='lat' dir='ltr'>medea,</span> <span class='ocrx_word' id='word_1_110' title='bbox 553 1674 613 1719; x_wconf 91' lang='lat' dir='ltr'>non</span> <span class='ocrx_word' id='word_1_111' title='bbox 640 1656 779 1738; x_wconf 88' lang='lat' dir='ltr'>rythmos</span> <span class='ocrx_word' id='word_1_112' title='bbox 812 1657 947 1735; x_wconf 89' lang='lat' dir='ltr'>indicat;</span> <span class='ocrx_word' id='word_1_113' title='bbox 978 1661 1034 1725; x_wconf 88' lang='lat' dir='ltr'>sed</span> <span class='ocrx_word' id='word_1_114' title='bbox 1065 1662 1158 1724; x_wconf 86' lang='lat' dir='ltr'>etiam</span> <span class='ocrx_word' id='word_1_115' title='bbox 1186 1662 1355 1744; x_wconf 84' lang='lat' dir='ltr'>imaginum</span> 
     </span>
     <span class='ocr_line' id='line_1_14' title="bbox 184 1756 1355 1841; baseline 0.003 -19"><span class='ocrx_word' id='word_1_116' title='bbox 184 1758 333 1840; x_wconf 81' lang='lat' dir='ltr'>confusio,</span> <span class='ocrx_word' id='word_1_117' title='bbox 365 1775 458 1839; x_wconf 91' lang='lat' dir='ltr'>quam</span> <span class='ocrx_word' id='word_1_118' title='bbox 480 1756 667 1821; x_wconf 83' lang='lat' dir='ltr'>scholiastae</span> <span class='ocrx_word' id='word_1_119' title='bbox 689 1775 783 1839; x_wconf 87' lang='lat' dir='ltr'>saepe</span> <span class='ocrx_word' id='word_1_120' title='bbox 805 1758 921 1822; x_wconf 89' lang='lat' dir='ltr'>iniuria</span> <span class='ocrx_word' id='word_1_121' title='bbox 936 1759 1073 1824; x_wconf 87' lang='lat' dir='ltr'>Pindaro</span> <span class='ocrx_word' id='word_1_122' title='bbox 1097 1759 1285 1841; x_wconf 85' lang='lat' dir='ltr'>obvertunt,</span> <span class='ocrx_word' id='word_1_123' title='bbox 1317 1761 1355 1824; x_wconf 91' lang='lat' dir='ltr'>ab</span> 
     </span>
     <span class='ocr_line' id='line_1_15' title="bbox 185 1856 1355 1942; baseline 0.002 -20"><span class='ocrx_word' id='word_1_124' title='bbox 185 1859 232 1922; x_wconf 89' lang='lat' dir='ltr'>his</span> <span class='ocrx_word' id='word_1_125' title='bbox 257 1858 333 1922; x_wconf 90' lang='lat' dir='ltr'>viris</span> <span class='ocrx_word' id='word_1_126' title='bbox 362 1858 500 1938; x_wconf 86' lang='lat' dir='ltr'>pessima</span> <span class='ocrx_word' id='word_1_127' title='bbox 529 1857 556 1920; x_wconf 97' lang='lat' dir='ltr'>ei</span> <span class='ocrx_word' id='word_1_128' title='bbox 585 1856 825 1921; x_wconf 90' lang='lat' dir='ltr'>obtruditur-</span> <span class='ocrx_word' id='word_1_129' title='bbox 849 1876 953 1923; x_wconf 88' lang='lat' dir='ltr'>vocem</span> <span class='ocrx_word' id='word_1_130' title='bbox 984 1858 1113 1940; x_wconf 90' lang='lat' dir='ltr'>infigere</span> <span class='ocrx_word' id='word_1_131' title='bbox 1142 1861 1261 1941; x_wconf 86' lang='lat' dir='ltr'>calceo,</span> <span class='ocrx_word' id='word_1_132' title='bbox 1293 1879 1355 1942; x_wconf 87' lang='lat' dir='ltr'>quo</span> 
     </span>
     <span class='ocr_line' id='line_1_16' title="bbox 186 1955 1356 2040; baseline 0.003 -20"><span class='ocrx_word' id='word_1_133' title='bbox 186 1956 327 2039; x_wconf 80' lang='lat' dir='ltr'>rythmus</span> <span class='ocrx_word' id='word_1_134' title='bbox 355 1957 515 2038; x_wconf 77' lang='lat' dir='ltr'>pulsetur!</span> <span class='ocrx_word' id='word_1_135' title='bbox 567 1955 603 2020; x_wconf 88' lang='lat'>0.</span> <span class='ocrx_word' id='word_1_136' title='bbox 624 1958 696 2038; x_wconf 87' lang='grc'>6,8</span> <span class='ocrx_word' id='word_1_137' title='bbox 730 1958 766 2020; x_wconf 79' lang='grc' dir='ltr'>ἐν</span> <span class='ocrx_word' id='word_1_138' title='bbox 797 1956 902 2040; x_wconf 81' lang='grc' dir='ltr'><strong><em>τούτῳ</em></strong></span> <span class='ocrx_word' id='word_1_139' title='bbox 933 1958 1058 2040; x_wconf 81' lang='grc' dir='ltr'><strong><em>πεδίλῳ</em></strong></span> <span class='ocrx_word' id='word_1_140' title='bbox 1089 1959 1181 2023; x_wconf 88' lang='grc' dir='ltr'><strong><em>πόδα</em></strong></span> <span class='ocrx_word' id='word_1_141' title='bbox 1216 1962 1301 2040; x_wconf 80' lang='grc' dir='ltr'><strong><em>ἔχειν</em></strong></span> <span class='ocrx_word' id='word_1_142' title='bbox 1329 1960 1356 2026; x_wconf 90' lang='lat' dir='ltr'>is</span> 
     </span>
     <span class='ocr_line' id='line_1_17' title="bbox 189 2058 1356 2142; baseline 0.002 -22"><span class='ocrx_word' id='word_1_143' title='bbox 189 2058 311 2136; x_wconf 86' lang='lat' dir='ltr'>dieitur,</span> <span class='ocrx_word' id='word_1_144' title='bbox 333 2059 365 2122; x_wconf 93' lang='lat' dir='ltr'>in</span> <span class='ocrx_word' id='word_1_145' title='bbox 388 2058 474 2123; x_wconf 86' lang='lat' dir='ltr'>euius</span> <span class='ocrx_word' id='word_1_146' title='bbox 495 2075 664 2138; x_wconf 89' lang='lat' dir='ltr'>personam</span> <span class='ocrx_word' id='word_1_147' title='bbox 687 2058 918 2122; x_wconf 88' lang='lat' dir='ltr'>accuratissime</span> <span class='ocrx_word' id='word_1_148' title='bbox 939 2059 1139 2138; x_wconf 87' lang='lat' dir='ltr'>conveniant,</span> <span class='ocrx_word' id='word_1_149' title='bbox 1161 2078 1240 2142; x_wconf 90' lang='lat' dir='ltr'>quae</span> <span class='ocrx_word' id='word_1_150' title='bbox 1263 2060 1356 2124; x_wconf 94' lang='lat' dir='ltr'>modo</span> 
     </span>
     <span class='ocr_line' id='line_1_18' title="bbox 189 2156 1359 2242; baseline -0.002 -19"><span class='ocrx_word' id='word_1_151' title='bbox 189 2159 333 2239; x_wconf 83' lang='lat' dir='ltr'>exposita</span> <span class='ocrx_word' id='word_1_152' title='bbox 363 2159 436 2222; x_wconf 91' lang='lat' dir='ltr'>sint.</span> <span class='ocrx_word' id='word_1_153' title='bbox 479 2159 595 2239; x_wconf 87' lang='lat' dir='ltr'>optime</span> <span class='ocrx_word' id='word_1_154' title='bbox 624 2157 756 2237; x_wconf 89' lang='lat' dir='ltr'>Dissen,</span> <span class='ocrx_word' id='word_1_155' title='bbox 785 2157 869 2240; x_wconf 85' lang='lat' dir='ltr'>quod</span> <span class='ocrx_word' id='word_1_156' title='bbox 897 2157 991 2239; x_wconf 92' lang='lat' dir='ltr'>vulgo</span> <span class='ocrx_word' id='word_1_157' title='bbox 1021 2158 1133 2222; x_wconf 90' lang='lat' dir='ltr'>dieitur</span> <span class='ocrx_word' id='word_1_158' title='bbox 1161 2159 1238 2242; x_wconf 79' lang='grc' dir='ltr'><strong><em>περὶ</em></strong></span> <span class='ocrx_word' id='word_1_159' title='bbox 1266 2156 1359 2222; x_wconf 89' lang='grc' dir='ltr'><strong><em>πόδα</em></strong></span> 
     </span>
     <span class='ocr_line' id='line_1_19' title="bbox 188 2249 1357 2340; baseline 0.001 -20"><span class='ocrx_word' id='word_1_160' title='bbox 188 2249 273 2322; x_wconf 83' lang='grc' dir='ltr'><strong><em>εἶναι</em></strong></span> <span class='ocrx_word' id='word_1_161' title='bbox 292 2260 443 2340; x_wconf 54' lang='lat' dir='ltr'>,apprime</span> <span class='ocrx_word' id='word_1_162' title='bbox 466 2257 650 2338; x_wconf 87' lang='lat' dir='ltr'>convenire&#39;,</span> <span class='ocrx_word' id='word_1_163' title='bbox 673 2256 731 2321; x_wconf 88' lang='lat' dir='ltr'>hnc</span> <span class='ocrx_word' id='word_1_164' title='bbox 754 2255 846 2321; x_wconf 88' lang='lat' dir='ltr'>affert</span> <span class='ocrx_word' id='word_1_165' title='bbox 869 2258 996 2338; x_wconf 86' lang='lat' dir='ltr'>(iniuria</span> <span class='ocrx_word' id='word_1_166' title='bbox 1017 2257 1056 2323; x_wconf 93' lang='lat' dir='ltr'>H.</span> <span class='ocrx_word' id='word_1_167' title='bbox 1077 2257 1219 2324; x_wconf 86' lang='lat' dir='ltr'>Schmidt</span> <span class='ocrx_word' id='word_1_168' title='bbox 1241 2259 1357 2340; x_wconf 88' lang='lat' dir='ltr'>Synon.</span> 
     </span>
     <span class='ocr_line' id='line_1_20' title="bbox 188 2355 1358 2440; baseline -0.003 -15"><span class='ocrx_word' id='word_1_169' title='bbox 188 2361 237 2439; x_wconf 86' lang='lat' dir='ltr'>lv,</span> <span class='ocrx_word' id='word_1_170' title='bbox 255 2365 291 2422; x_wconf 82' lang='grc'>14</span> <span class='ocrx_word' id='word_1_171' title='bbox 304 2360 468 2424; x_wconf 85' lang='lat' dir='ltr'>Dissenum</span> <span class='ocrx_word' id='word_1_172' title='bbox 492 2359 653 2438; x_wconf 90' lang='lat' dir='ltr'>vituperat</span> <span class='ocrx_word' id='word_1_173' title='bbox 672 2362 704 2420; x_wconf 85' lang='lat' dir='ltr'>et</span> <span class='ocrx_word' id='word_1_174' title='bbox 724 2355 763 2421; x_wconf 93' lang='lat' dir='ltr'>de</span> <span class='ocrx_word' id='word_1_175' title='bbox 778 2357 885 2422; x_wconf 87' lang='lat' dir='ltr'>volatu</span> <span class='ocrx_word' id='word_1_176' title='bbox 899 2357 978 2438; x_wconf 89' lang='lat' dir='ltr'>eius,</span> <span class='ocrx_word' id='word_1_177' title='bbox 995 2359 1048 2439; x_wconf 92' lang='lat' dir='ltr'>qui</span> <span class='ocrx_word' id='word_1_178' title='bbox 1066 2357 1199 2437; x_wconf 86' lang='lat' dir='ltr'>canitur,</span> <span class='ocrx_word' id='word_1_179' title='bbox 1217 2358 1358 2440; x_wconf 88' lang='lat' dir='ltr'>cogitat).</span> 
     </span>
     <span class='ocr_line' id='line_1_21' title="bbox 189 2455 1361 2541; baseline -0.003 -18"><span class='ocrx_word' id='word_1_180' title='bbox 189 2459 318 2523; x_wconf 90' lang='lat' dir='ltr'>eandem</span> <span class='ocrx_word' id='word_1_181' title='bbox 341 2457 377 2522; x_wconf 91' lang='grc' dir='ltr'>Ο.</span> <span class='ocrx_word' id='word_1_182' title='bbox 403 2460 431 2538; x_wconf 84' lang='lat'>3,</span> <span class='ocrx_word' id='word_1_183' title='bbox 457 2463 473 2520; x_wconf 81' lang='lat' dir='ltr'>e</span> <span class='ocrx_word' id='word_1_184' title='bbox 497 2457 580 2521; x_wconf 85' lang='lat' dir='ltr'>vocis</span> <span class='ocrx_word' id='word_1_185' title='bbox 603 2456 737 2520; x_wconf 80' lang='grc' dir='ltr'><strong><em>πέδιλον</em></strong></span> <span class='ocrx_word' id='word_1_186' title='bbox 758 2457 819 2520; x_wconf 88' lang='lat' dir='ltr'>vim</span> <span class='ocrx_word' id='word_1_187' title='bbox 841 2475 909 2521; x_wconf 89' lang='lat' dir='ltr'>esse</span> <span class='ocrx_word' id='word_1_188' title='bbox 931 2456 1040 2522; x_wconf 89' lang='lat' dir='ltr'>addito</span> <span class='ocrx_word' id='word_1_189' title='bbox 1064 2458 1159 2524; x_wconf 90' lang='lat' dir='ltr'>verbo</span> <span class='ocrx_word' id='word_1_190' title='bbox 1182 2455 1361 2541; x_wconf 82' lang='grc' dir='ltr'><strong><em>ἐναρμόξαι</em></strong></span> 
     </span>
     <span class='ocr_line' id='line_1_22' title="bbox 191 2556 1361 2639; baseline 0 -17"><span class='ocrx_word' id='word_1_191' title='bbox 191 2558 377 2623; x_wconf 88' lang='lat' dir='ltr'>ostenditur.</span> <span class='ocrx_word' id='word_1_192' title='bbox 400 2557 565 2635; x_wconf 90' lang='lat' dir='ltr'>Pindarus,</span> <span class='ocrx_word' id='word_1_193' title='bbox 577 2561 612 2620; x_wconf 91' lang='lat' dir='ltr'>ut</span> <span class='ocrx_word' id='word_1_194' title='bbox 629 2556 719 2635; x_wconf 87' lang='lat' dir='ltr'>solet,</span> <span class='ocrx_word' id='word_1_195' title='bbox 737 2557 804 2621; x_wconf 91' lang='lat' dir='ltr'>eius</span> <span class='ocrx_word' id='word_1_196' title='bbox 820 2575 983 2639; x_wconf 89' lang='lat' dir='ltr'>personam</span> <span class='ocrx_word' id='word_1_197' title='bbox 996 2557 1106 2637; x_wconf 89' lang='lat' dir='ltr'>induit,</span> <span class='ocrx_word' id='word_1_198' title='bbox 1114 2560 1166 2639; x_wconf 91' lang='lat' dir='ltr'>qui</span> <span class='ocrx_word' id='word_1_199' title='bbox 1177 2558 1245 2638; x_wconf 88' lang='lat' dir='ltr'>ipse</span> <span class='ocrx_word' id='word_1_200' title='bbox 1253 2562 1361 2639; x_wconf 88' lang='lat' dir='ltr'>eanat;</span> 
     </span>
     <span class='ocr_line' id='line_1_23' title="bbox 192 2654 1361 2738; baseline -0.001 -15"><span class='ocrx_word' id='word_1_201' title='bbox 192 2659 298 2738; x_wconf 89' lang='lat' dir='ltr'>itaque</span> <span class='ocrx_word' id='word_1_202' title='bbox 321 2657 360 2721; x_wconf 91' lang='lat' dir='ltr'>de</span> <span class='ocrx_word' id='word_1_203' title='bbox 383 2675 456 2721; x_wconf 88' lang='lat' dir='ltr'>voce</span> <span class='ocrx_word' id='word_1_204' title='bbox 478 2675 536 2720; x_wconf 86' lang='lat' dir='ltr'>sua</span> <span class='ocrx_word' id='word_1_205' title='bbox 553 2655 649 2719; x_wconf 89' lang='lat' dir='ltr'>verba</span> <span class='ocrx_word' id='word_1_206' title='bbox 671 2655 765 2730; x_wconf 83' lang='lat' dir='ltr'>laeit3</span> <span class='ocrx_word' id='word_1_207' title='bbox 789 2655 869 2720; x_wconf 88' lang='lat' dir='ltr'>hano</span> <span class='ocrx_word' id='word_1_208' title='bbox 882 2656 997 2720; x_wconf 86' lang='lat' dir='ltr'>Duriae</span> <span class='ocrx_word' id='word_1_209' title='bbox 1017 2654 1201 2720; x_wconf 90' lang='lat' dir='ltr'>harmoniae</span> <span class='ocrx_word' id='word_1_210' title='bbox 1216 2657 1361 2738; x_wconf 84' lang='lat' dir='ltr'>religiose</span> 
     </span>
     <span class='ocr_line' id='line_1_24' title="bbox 194 2755 1361 2838; baseline 0 -18"><span class='ocrx_word' id='word_1_211' title='bbox 194 2757 407 2838; x_wconf 84' lang='lat' dir='ltr'>adoptaturus</span> <span class='ocrx_word' id='word_1_212' title='bbox 430 2759 489 2818; x_wconf 88' lang='lat' dir='ltr'>est.</span> <span class='ocrx_word' id='word_1_213' title='bbox 531 2755 558 2817; x_wconf 90' lang='lat' dir='ltr'>si</span> <span class='ocrx_word' id='word_1_214' title='bbox 576 2773 609 2818; x_wconf 93' lang='lat' dir='ltr'>re</span> <span class='ocrx_word' id='word_1_215' title='bbox 629 2773 702 2818; x_wconf 92' lang='lat' dir='ltr'>vera</span> <span class='ocrx_word' id='word_1_216' title='bbox 721 2761 848 2836; x_wconf 88' lang='lat' dir='ltr'>praeter</span> <span class='ocrx_word' id='word_1_217' title='bbox 862 2755 1037 2837; x_wconf 91' lang='lat' dir='ltr'>adaptandi</span> <span class='ocrx_word' id='word_1_218' title='bbox 1053 2756 1147 2821; x_wconf 88' lang='lat' dir='ltr'>etiam</span> <span class='ocrx_word' id='word_1_219' title='bbox 1160 2756 1253 2821; x_wconf 91' lang='lat' dir='ltr'>eundi</span> <span class='ocrx_word' id='word_1_220' title='bbox 1275 2758 1361 2820; x_wconf 91' lang='lat' dir='ltr'>notio</span> 
     </span>
     <span class='ocr_line' id='line_1_25' title="bbox 192 2853 1362 2936; baseline 0 -18"><span class='ocrx_word' id='word_1_221' title='bbox 192 2855 336 2934; x_wconf 84' lang='lat' dir='ltr'>crepidae</span> <span class='ocrx_word' id='word_1_222' title='bbox 359 2855 494 2933; x_wconf 81' lang='lat' dir='ltr'>imagine</span> <span class='ocrx_word' id='word_1_223' title='bbox 517 2853 688 2930; x_wconf 87' lang='lat' dir='ltr'>indicatur,</span> <span class='ocrx_word' id='word_1_224' title='bbox 724 2871 784 2916; x_wconf 93' lang='lat' dir='ltr'>non</span> <span class='ocrx_word' id='word_1_225' title='bbox 806 2854 932 2918; x_wconf 88' lang='lat' dir='ltr'>chorum</span> <span class='ocrx_word' id='word_1_226' title='bbox 955 2854 1122 2918; x_wconf 82' lang='lat' dir='ltr'>saltantem</span> <span class='ocrx_word' id='word_1_227' title='bbox 1142 2860 1266 2936; x_wconf 83' lang='lat' dir='ltr'>spectat</span> <span class='ocrx_word' id='word_1_228' title='bbox 1288 2855 1362 2919; x_wconf 92' lang='lat' dir='ltr'>Pin·</span> 
     </span>
     <span class='ocr_line' id='line_1_26' title="bbox 194 2951 1360 3035; baseline -0.001 -17"><span class='ocrx_word' id='word_1_229' title='bbox 194 2956 311 3035; x_wconf 83' lang='lat' dir='ltr'>dams,</span> <span class='ocrx_word' id='word_1_230' title='bbox 341 2954 395 3019; x_wconf 89' lang='lat' dir='ltr'>sed</span> <span class='ocrx_word' id='word_1_231' title='bbox 426 2971 512 3017; x_wconf 90' lang='lat' dir='ltr'>suum</span> <span class='ocrx_word' id='word_1_232' title='bbox 537 2951 632 3033; x_wconf 90' lang='lat' dir='ltr'>ipsius</span> <span class='ocrx_word' id='word_1_233' title='bbox 653 2958 780 3016; x_wconf 88' lang='lat' dir='ltr'>cautum</span> <span class='ocrx_word' id='word_1_234' title='bbox 812 2972 880 3017; x_wconf 88' lang='lat' dir='ltr'>eum</span> <span class='ocrx_word' id='word_1_235' title='bbox 903 2953 1014 3017; x_wconf 90' lang='lat' dir='ltr'>itinere</span> <span class='ocrx_word' id='word_1_236' title='bbox 1036 2961 1209 3035; x_wconf 88' lang='lat' dir='ltr'>comparat.</span> <span class='ocrx_word' id='word_1_237' title='bbox 1252 2953 1360 3018; x_wconf 90' lang='lat' dir='ltr'>eadem</span> 
     </span>
     <span class='ocr_line' id='line_1_27' title="bbox 193 3049 1364 3136; baseline -0.002 -18"><span class='ocrx_word' id='word_1_238' title='bbox 193 3054 273 3118; x_wconf 92' lang='lat' dir='ltr'>enim</span> <span class='ocrx_word' id='word_1_239' title='bbox 301 3053 402 3134; x_wconf 84' lang='lat' dir='ltr'>imago</span> <span class='ocrx_word' id='word_1_240' title='bbox 432 3051 599 3117; x_wconf 83' lang='lat' dir='ltr'>Simonidis</span> <span class='ocrx_word' id='word_1_241' title='bbox 628 3049 731 3115; x_wconf 88' lang='lat' dir='ltr'>verbis</span> <span class='ocrx_word' id='word_1_242' title='bbox 765 3051 838 3132; x_wconf 86' lang='lat' dir='ltr'>(lrg.</span> <span class='ocrx_word' id='word_1_243' title='bbox 861 3050 914 3134; x_wconf 67' lang='grc'>19)</span> <span class='ocrx_word' id='word_1_244' title='bbox 1022 3050 1139 3134; x_wconf 64' lang='grc' dir='ltr'>ςίππον</span> <span class='ocrx_word' id='word_1_245' title='bbox 1160 3049 1182 3136; x_wconf 71' lang='grc' dir='ltr'><em>ἢ</em></span> <span class='ocrx_word' id='word_1_246' title='bbox 1281 3051 1364 3116; x_wconf 85' lang='grc' dir='ltr'><strong><em>κύνα</em></strong></span> 
     </span>
     <span class='ocr_line' id='line_1_28' title="bbox 194 3149 1364 3234; baseline 0 -18"><span class='ocrx_word' id='word_1_247' title='bbox 194 3151 411 3234; x_wconf 80' lang='grc' dir='ltr'><strong><em>ἐλελιζόμενος</em></strong></span> <span class='ocrx_word' id='word_1_248' title='bbox 441 3151 521 3214; x_wconf 78' lang='grc' dir='ltr'><strong><em>ποδὶ</em></strong></span> <span class='ocrx_word' id='word_1_249' title='bbox 546 3155 645 3233; x_wconf 85' lang='grc' dir='ltr'><strong><em>μίμεο</em></strong></span> <span class='ocrx_word' id='word_1_250' title='bbox 666 3149 844 3232; x_wconf 82' lang='grc' dir='ltr'><strong><em>καμπόλον</em></strong></span> <span class='ocrx_word' id='word_1_251' title='bbox 855 3153 877 3228; x_wconf 83' lang='grc'>1)</span> <span class='ocrx_word' id='word_1_252' title='bbox 909 3152 1004 3234; x_wconf 79' lang='grc' dir='ltr'><strong><em>μέλος</em></strong></span> <span class='ocrx_word' id='word_1_253' title='bbox 1031 3152 1165 3216; x_wconf 75' lang='grc' dir='ltr'><strong><em>διώκειν’</em></strong></span> <span class='ocrx_word' id='word_1_254' title='bbox 1193 3152 1302 3217; x_wconf 83' lang='lat' dir='ltr'>subest</span> <span class='ocrx_word' id='word_1_255' title='bbox 1331 3158 1364 3216; x_wconf 90' lang='lat' dir='ltr'>et</span> 
     </span>
     <span class='ocr_line' id='line_1_29' title="bbox 197 3251 1363 3334; baseline 0.001 -18"><span class='ocrx_word' id='word_1_256' title='bbox 197 3253 298 3318; x_wconf 88' lang='lat' dir='ltr'>multo</span> <span class='ocrx_word' id='word_1_257' title='bbox 322 3253 462 3334; x_wconf 91' lang='lat' dir='ltr'>apertior</span> <span class='ocrx_word' id='word_1_258' title='bbox 478 3252 560 3331; x_wconf 90' lang='lat' dir='ltr'>apud</span> <span class='ocrx_word' id='word_1_259' title='bbox 579 3251 769 3332; x_wconf 87' lang='lat' dir='ltr'>posteriores</span> <span class='ocrx_word' id='word_1_260' title='bbox 787 3257 902 3330; x_wconf 86' lang='lat' dir='ltr'>exstat,</span> <span class='ocrx_word' id='word_1_261' title='bbox 925 3252 1011 3316; x_wconf 86' lang='lat' dir='ltr'>velut</span> <span class='ocrx_word' id='word_1_262' title='bbox 1021 3251 1170 3334; x_wconf 91' lang='lat' dir='ltr'>Polybius</span> <span class='ocrx_word' id='word_1_263' title='bbox 1187 3271 1239 3333; x_wconf 89' lang='lat' dir='ltr'>ap.</span> <span class='ocrx_word' id='word_1_264' title='bbox 1250 3251 1363 3317; x_wconf 88' lang='lat' dir='ltr'>Athen.</span> 
     </span>
     <span class='ocr_line' id='line_1_30' title="bbox 195 3347 1363 3433; baseline -0.001 -17"><span class='ocrx_word' id='word_1_265' title='bbox 195 3352 287 3432; x_wconf 82' lang='lat'><strong>14‚4</strong></span> <span class='ocrx_word' id='word_1_266' title='bbox 325 3352 445 3416; x_wconf 75' lang='lat' dir='ltr'>adletas</span> <span class='ocrx_word' id='word_1_267' title='bbox 481 3350 557 3415; x_wconf 83' lang='lat' dir='ltr'>dicit</span> <span class='ocrx_word' id='word_1_268' title='bbox 593 3349 857 3432; x_wconf 74' lang='grc' dir='ltr'><strong><em>διαπορεύεσθαι</em></strong></span> <span class='ocrx_word' id='word_1_269' title='bbox 884 3350 944 3424; x_wconf 77' lang='grc' dir='ltr'><strong><em>τας</em></strong></span> <span class='ocrx_word' id='word_1_270' title='bbox 977 3347 1123 3433; x_wconf 84' lang='grc' dir='ltr'><strong><em>κρούσεις</em></strong></span> <span class='ocrx_word' id='word_1_271' title='bbox 1162 3356 1194 3416; x_wconf 89' lang='lat' dir='ltr'>et</span> <span class='ocrx_word' id='word_1_272' title='bbox 1233 3351 1363 3416; x_wconf 86' lang='lat' dir='ltr'>Pruclus</span> 
     </span>
    </p>
   </div>
   <div class='ocr_carea' id='block_1_4' title="bbox 196 3567 1368 4326">
    <p class='ocr_par' dir='ltr' id='par_1_4' title="bbox 196 3567 1368 4237">
     <span class='ocr_line' id='line_1_31' title="bbox 266 3567 1366 3642; baseline -0.005 -16"><span class='ocrx_word' id='word_1_273' title='bbox 266 3572 292 3642; x_wconf 89' lang='lat' dir='ltr'>l)</span> <span class='ocrx_word' id='word_1_274' title='bbox 312 3587 368 3626; x_wconf 88' lang='lat' dir='ltr'>non</span> <span class='ocrx_word' id='word_1_275' title='bbox 386 3574 460 3626; x_wconf 86' lang='lat' dir='ltr'>reete</span> <span class='ocrx_word' id='word_1_276' title='bbox 477 3572 587 3625; x_wconf 86' lang='lat' dir='ltr'>Passow</span> <span class='ocrx_word' id='word_1_277' title='bbox 605 3571 678 3625; x_wconf 86' lang='lat' dir='ltr'>hana</span> <span class='ocrx_word' id='word_1_278' title='bbox 695 3587 789 3626; x_wconf 85' lang='lat' dir='ltr'>vooem</span> <span class='ocrx_word' id='word_1_279' title='bbox 809 3572 845 3626; x_wconf 90' lang='lat' dir='ltr'>ad</span> <span class='ocrx_word' id='word_1_280' title='bbox 863 3572 990 3640; x_wconf 84' lang='lat' dir='ltr'>rythmos</span> <span class='ocrx_word' id='word_1_281' title='bbox 1008 3570 1178 3636; x_wconf 82' lang='lat' dir='ltr'>artificiosos,</span> <span class='ocrx_word' id='word_1_282' title='bbox 1199 3569 1232 3623; x_wconf 87' lang='grc' dir='ltr'>Η.</span> <span class='ocrx_word' id='word_1_283' title='bbox 1242 3567 1366 3622; x_wconf 79' lang='lat' dir='ltr'>Schmidt</span> 
     </span>
     <span class='ocr_line' id='line_1_32' title="bbox 196 3657 1367 3730; baseline -0.009 -16"><span class='ocrx_word' id='word_1_284' title='bbox 196 3659 307 3730; x_wconf 81' lang='lat' dir='ltr'>(Synna.</span> <span class='ocrx_word' id='word_1_285' title='bbox 326 3657 365 3712; x_wconf 91' lang='lat' dir='ltr'>IV</span> <span class='ocrx_word' id='word_1_286' title='bbox 383 3657 444 3727; x_wconf 79' lang='lat'>454)</span> <span class='ocrx_word' id='word_1_287' title='bbox 469 3657 505 3710; x_wconf 86' lang='lat' dir='ltr'>ad</span> <span class='ocrx_word' id='word_1_288' title='bbox 528 3657 674 3728; x_wconf 85' lang='lat' dir='ltr'>periodum·</span> <span class='ocrx_word' id='word_1_289' title='bbox 699 3674 829 3727; x_wconf 87' lang='lat' dir='ltr'>magnam</span> <span class='ocrx_word' id='word_1_290' title='bbox 848 3657 1044 3713; x_wconf 86' lang='lat' dir='ltr'>antithetieam</span> <span class='ocrx_word' id='word_1_291' title='bbox 1064 3657 1229 3712; x_wconf 86' lang='lat' dir='ltr'>retulerunt.</span> <span class='ocrx_word' id='word_1_292' title='bbox 1266 3659 1367 3708; x_wconf 63' lang='grc' dir='ltr'><strong><em>καικαι</em></strong></span> 
     </span>
     <span class='ocr_line' id='line_1_33' title="bbox 197 3739 1365 3808; baseline -0.006 -8"><span class='ocrx_word' id='word_1_293' title='bbox 197 3747 262 3800; x_wconf 86' lang='lat' dir='ltr'>sunt</span> <span class='ocrx_word' id='word_1_294' title='bbox 281 3743 353 3799; x_wconf 90' lang='lat' dir='ltr'>voeis</span> <span class='ocrx_word' id='word_1_295' title='bbox 371 3743 511 3808; x_wconf 86' lang='lat' dir='ltr'>flexiones,</span> <span class='ocrx_word' id='word_1_296' title='bbox 537 3745 663 3805; x_wconf 76' lang='grc' dir='ltr'><strong><em>κάμπτειν</em></strong></span> <span class='ocrx_word' id='word_1_297' title='bbox 682 3750 773 3798; x_wconf 91' lang='lat' dir='ltr'>autem</span> <span class='ocrx_word' id='word_1_298' title='bbox 793 3744 866 3798; x_wconf 88' lang='lat' dir='ltr'>sieut</span> <span class='ocrx_word' id='word_1_299' title='bbox 885 3744 946 3796; x_wconf 76' lang='lat' dir='ltr'>alda</span> <span class='ocrx_word' id='word_1_300' title='bbox 970 3745 998 3797; x_wconf 87' lang='lat' dir='ltr'>et</span> <span class='ocrx_word' id='word_1_301' title='bbox 1015 3742 1124 3797; x_wconf 82' lang='lat' dir='ltr'>flectere</span> <span class='ocrx_word' id='word_1_302' title='bbox 1142 3743 1171 3796; x_wconf 91' lang='lat' dir='ltr'>et</span> <span class='ocrx_word' id='word_1_303' title='bbox 1189 3739 1291 3794; x_wconf 85' lang='lat' dir='ltr'>similia</span> <span class='ocrx_word' id='word_1_304' title='bbox 1309 3756 1365 3794; x_wconf 91' lang='lat' dir='ltr'>non</span> 
     </span>
     <span class='ocr_line' id='line_1_34' title="bbox 198 3825 1366 3899; baseline -0.003 -15"><span class='ocrx_word' id='word_1_305' title='bbox 198 3832 294 3886; x_wconf 92' lang='lat' dir='ltr'>molles</span> <span class='ocrx_word' id='word_1_306' title='bbox 312 3831 400 3885; x_wconf 92' lang='lat' dir='ltr'>solum</span> <span class='ocrx_word' id='word_1_307' title='bbox 420 3829 602 3884; x_wconf 85' lang='lat' dir='ltr'>recentiorum</span> <span class='ocrx_word' id='word_1_308' title='bbox 622 3831 779 3898; x_wconf 87' lang='lat' dir='ltr'>temporum</span> <span class='ocrx_word' id='word_1_309' title='bbox 805 3829 899 3884; x_wconf 88' lang='lat' dir='ltr'>modos</span> <span class='ocrx_word' id='word_1_310' title='bbox 926 3828 1073 3899; x_wconf 86' lang='lat' dir='ltr'>signifieat,</span> <span class='ocrx_word' id='word_1_311' title='bbox 1093 3828 1140 3882; x_wconf 87' lang='lat' dir='ltr'>sed</span> <span class='ocrx_word' id='word_1_312' title='bbox 1158 3844 1265 3881; x_wconf 90' lang='lat' dir='ltr'>omnem</span> <span class='ocrx_word' id='word_1_313' title='bbox 1292 3825 1366 3880; x_wconf 84' lang='lat' dir='ltr'>vocis</span> 
     </span>
     <span class='ocr_line' id='line_1_35' title="bbox 198 3911 1367 3987; baseline -0.004 -17"><span class='ocrx_word' id='word_1_314' title='bbox 198 3920 304 3972; x_wconf 84' lang='lat' dir='ltr'>motum</span> <span class='ocrx_word' id='word_1_315' title='bbox 323 3917 413 3987; x_wconf 79' lang='lat' dir='ltr'>(velut</span> <span class='ocrx_word' id='word_1_316' title='bbox 424 3917 497 3979; x_wconf 79' lang='grc' dir='ltr'><strong><em>μίλος</em></strong></span> <span class='ocrx_word' id='word_1_317' title='bbox 506 3915 637 3970; x_wconf 77' lang='lat' dir='ltr'>definitur</span> <span class='ocrx_word' id='word_1_318' title='bbox 654 3915 854 3984; x_wconf 79' lang='grc' dir='ltr'><strong><em>διαστημοιῐικῆς</em></strong></span> <span class='ocrx_word' id='word_1_319' title='bbox 871 3915 954 3984; x_wconf 77' lang='grc' dir='ltr'><strong><em>φωνῆς</em></strong></span> <span class='ocrx_word' id='word_1_320' title='bbox 967 3916 1130 3983; x_wconf 66' lang='grc' dir='ltr'><strong><em>κεκλασμένας</em></strong></span> <span class='ocrx_word' id='word_1_321' title='bbox 1148 3913 1238 3984; x_wconf 79' lang='grc' dir='ltr'><strong><em>χρῆσις</em></strong></span> <span class='ocrx_word' id='word_1_322' title='bbox 1248 3911 1367 3966; x_wconf 69' lang='lat' dir='ltr'>Vincunt</span> 
     </span>
     <span class='ocr_line' id='line_1_36' title="bbox 199 3997 1367 4074; baseline -0.006 -18"><span class='ocrx_word' id='word_1_323' title='bbox 199 4003 368 4074; x_wconf 82' lang='lat' dir='ltr'>1.1.p.14;</span> <span class='ocrx_word' id='word_1_324' title='bbox 396 4001 540 4057; x_wconf 84' lang='lat' dir='ltr'>Vitruvius</span> <span class='ocrx_word' id='word_1_325' title='bbox 557 4002 583 4056; x_wconf 90' lang='lat' dir='ltr'><strong>V</strong></span> <span class='ocrx_word' id='word_1_326' title='bbox 600 4001 618 4054; x_wconf 88' lang='lat'>4</span> <span class='ocrx_word' id='word_1_327' title='bbox 635 4019 661 4069; x_wconf 90' lang='lat' dir='ltr'>p.</span> <span class='ocrx_word' id='word_1_328' title='bbox 682 4001 766 4055; x_wconf 84' lang='lat' dir='ltr'>ltuu</span> <span class='ocrx_word' id='word_1_329' title='bbox 789 4000 872 4054; x_wconf 82' lang='lat' dir='ltr'>dicit:</span> <span class='ocrx_word' id='word_1_330' title='bbox 899 4017 950 4055; x_wconf 84' lang='lat' dir='ltr'>vox</span> <span class='ocrx_word' id='word_1_331' title='bbox 1053 4017 1115 4054; x_wconf 90' lang='lat' dir='ltr'>eum</span> <span class='ocrx_word' id='word_1_332' title='bbox 1135 3999 1271 4060; x_wconf 80' lang='lat' dir='ltr'>flectitur,</span> <span class='ocrx_word' id='word_1_333' title='bbox 1296 3997 1367 4050; x_wconf 85' lang='lat' dir='ltr'>aliea</span> 
     </span>
     <span class='ocr_line' id='line_1_37' title="bbox 198 4083 1367 4158; baseline -0.005 -17"><span class='ocrx_word' id='word_1_334' title='bbox 198 4089 231 4143; x_wconf 80' lang='lat' dir='ltr'>fit</span> <span class='ocrx_word' id='word_1_335' title='bbox 253 4093 345 4152; x_wconf 84' lang='lat' dir='ltr'>acuta,</span> <span class='ocrx_word' id='word_1_336' title='bbox 369 4089 439 4143; x_wconf 88' lang='lat' dir='ltr'>alias</span> <span class='ocrx_word' id='word_1_337' title='bbox 463 4087 574 4158; x_wconf 86' lang='lat' dir='ltr'>gravis).</span> <span class='ocrx_word' id='word_1_338' title='bbox 617 4087 712 4156; x_wconf 83' lang='lat' dir='ltr'>laque</span> <span class='ocrx_word' id='word_1_339' title='bbox 735 4089 867 4147; x_wconf 75' lang='grc' dir='ltr'><strong><em>καμπύλον</em></strong></span> <span class='ocrx_word' id='word_1_340' title='bbox 884 4088 957 4147; x_wconf 69' lang='grc' dir='ltr'><strong><em>μέλος</em></strong></span> <span class='ocrx_word' id='word_1_341' title='bbox 981 4087 1023 4140; x_wconf 86' lang='lat' dir='ltr'>est</span> <span class='ocrx_word' id='word_1_342' title='bbox 1049 4085 1168 4140; x_wconf 89' lang='lat' dir='ltr'>melodia</span> <span class='ocrx_word' id='word_1_343' title='bbox 1194 4083 1367 4138; x_wconf 79' lang='lat' dir='ltr'>vivacissima</span> 
     </span>
     <span class='ocr_line' id='line_1_38' title="bbox 199 4171 1368 4237; baseline -0.003 -9"><span class='ocrx_word' id='word_1_344' title='bbox 199 4175 296 4229; x_wconf 87' lang='lat' dir='ltr'>erebra</span> <span class='ocrx_word' id='word_1_345' title='bbox 313 4175 460 4229; x_wconf 76' lang='lat' dir='ltr'>ascendens</span> <span class='ocrx_word' id='word_1_346' title='bbox 478 4177 506 4229; x_wconf 86' lang='lat' dir='ltr'>et</span> <span class='ocrx_word' id='word_1_347' title='bbox 524 4174 705 4237; x_wconf 73' lang='lat' dir='ltr'>(laedendam,</span> <span class='ocrx_word' id='word_1_348' title='bbox 730 4172 808 4226; x_wconf 88' lang='lat' dir='ltr'>euius</span> <span class='ocrx_word' id='word_1_349' title='bbox 825 4187 904 4227; x_wconf 84' lang='lat' dir='ltr'>sones</span> <span class='ocrx_word' id='word_1_350' title='bbox 922 4172 1047 4226; x_wconf 85' lang='lat' dir='ltr'>canentia</span> <span class='ocrx_word' id='word_1_351' title='bbox 1072 4188 1125 4227; x_wconf 86' lang='lat' dir='ltr'>vox</span> <span class='ocrx_word' id='word_1_352' title='bbox 1147 4189 1176 4225; x_wconf 91' lang='lat' dir='ltr'>re</span> <span class='ocrx_word' id='word_1_353' title='bbox 1195 4187 1260 4225; x_wconf 90' lang='lat' dir='ltr'>vera</span> <span class='ocrx_word' id='word_1_354' title='bbox 1278 4171 1368 4224; x_wconf 77' lang='grc' dir='ltr'><strong><em>διώκει.</em></strong></span> 
     </span>
    </p>

    <p class='ocr_par' dir='ltr' id='par_1_5' title="bbox 297 4279 378 4326">
     <span class='ocr_line' id='line_1_39' title="bbox 297 4279 378 4326; baseline 0.025 -8"><span class='ocrx_word' id='word_1_355' title='bbox 297 4279 378 4326; x_wconf 69' lang='lat' dir='ltr'>(aaut.</span> 
     </span>
    </p>
   </div>
   <div class='ocr_carea' id='block_1_5' title="bbox 0 0 1653 4976">
    <p class='ocr_par' dir='ltr' id='par_1_6' title="bbox 0 0 1653 4976">
     <span class='ocr_line' id='line_1_40' title="bbox 0 0 1653 4976; baseline 0 0"><span class='ocrx_word' id='word_1_356' title='bbox 0 0 1653 4976; x_wconf 95' lang='lat' dir='ltr'> </span> 
     </span>
    </p>
   </div>
  </div>
 </body>
</html>
