3244 4976
832 297 874 362 56

263 470 379 534 tionem
401 473 438 534 ut
459 470 499 534 ad
527 469 633 535 fidium
657 477 782 537 cantum
812 492 882 538 eum
906 471 1140 550 Dillanhergero
1161 471 1291 552 aliisque
1313 470 1427 535 refera-

263 587 348 650 mus,
376 568 488 633 suadet
510 569 612 634 Ovidii
640 570 725 636 locus
753 571 792 635 ab
813 572 948 637 Obbario
979 571 1128 635 laudatus
1154 569 1241 653 (met.
1267 571 1427 650 lo‚145):

262 667 414 750 ,Orpheus
433 718 440 733 .
459 715 465 730 .
486 717 519 733 ..
549 671 718 751 temptavit
745 670 854 752 pollice
878 671 1018 736 chordas'
1046 668 1099 753 (cf.
1122 675 1182 733 art.
1209 685 1267 732 am.
1298 668 1428 733 11494:

262 766 383 848 ,Apollo
405 766 503 830 movit
525 767 691 833 inauratae
713 770 822 851 pollice
845 770 896 834 fila
920 771 1036 851 lyrae').
1078 787 1134 834 nec
1156 768 1267 832 mirum
1289 767 1429 849 pollicem

263 866 426 930 nominari.
470 883 541 930 nam
570 867 602 930 in
629 870 844 934 vetustissima
875 871 998 950 quidem
1029 869 1097 950 lyra
1121 867 1253 932 mediam
1283 867 1429 932 chordam

263 967 369 1031 laevae
391 964 501 1045 pollice
530 967 648 1030 moveri
675 967 798 1031 solitam
821 968 955 1048 λιχοοοῦ
975 967 1108 1032 chordae
1136 966 1292 1048 gravioris
1317 984 1431 1031 nomen

264 1064 355 1128 docet
380 1063 533 1142 (Gevaert
561 1065 735 1146 11253l1).
785 1067 824 1131 de
852 1068 952 1131 media
980 1073 1083 1132 autem
1113 1067 1165 1130 Ar.
1194 1064 1294 1147 probi.
1326 1069 1373 1144 19,
1391 1069 1432 1128 20

265 1162 341 1227 haec
367 1163 606 1243 praedicantur:
637 1165 762 1246 ιποὶντοι
788 1167 831 1228 cd
855 1167 982 1249 χρηστοὶ
1003 1165 1084 1248 μέλη
1106 1165 1261 1238 πολλάκις
1284 1167 1326 1247 τῇ
1345 1173 1432 1248 μέσῃ

264 1265 379 1348 χρῆται
407 1262 462 1324 καὶ
482 1261 607 1336 πάντες
634 1263 666 1327 οἱ
692 1264 815 1346 α’γαθοὶ
837 1266 970 1348 ποιηταὶ
999 1265 1108 1327 πυκνοὶ
1134 1265 1215 1348 πρὸς
1240 1264 1300 1348 τήν
1326 1271 1434 1345 μέσην

264 1362 456 1440 ἀπαντῶσι,
485 1358 548 1424 κᾶν
575 1362 768 1440 α’πέλθιοσι,
795 1365 878 1446 ταχι)
901 1366 1151 1448 ἐπανέρχονται,
1180 1365 1263 1447 πρὸς
1287 1358 1435 1447 δ’ἅλλην

265 1458 365 1534 οὕτως
386 1459 561 1543 οὐδεμίαν.
604 1466 686 1528 unde
715 1469 862 1547 apparet,
892 1484 983 1547 quam
1011 1472 1085 1547 apte
1112 1464 1233 1545 pollicis
1255 1464 1335 1528 ictus
1366 1463 1434 1526 uni·

266 1579 375 1626 versus
394 1561 500 1626 fidium
520 1568 631 1628 cantus
654 1563 788 1629 dicatur.
830 1565 978 1629 Horatius
997 1564 1153 1629 translata
1174 1563 1321 1645 loquitur,
1343 1563 1433 1642 fingit

265 1662 346 1725 enim
369 1679 402 1725 se
420 1679 506 1725 more
523 1663 742 1745 antiquissimo
764 1682 832 1729 cum
848 1664 968 1728 cithara
991 1664 1022 1728 in
1045 1663 1145 1727 medio
1167 1662 1263 1726 choro
1281 1666 1434 1741 stantem3

265 1767 431 1842 praeterea
453 1762 495 1827 sic
513 1762 613 1826 multo
633 1763 807 1842 elegantius
825 1763 952 1829 chorum
973 1762 1060 1828 iubet
1076 1769 1110 1826 et
1128 1762 1283 1844 rythmum
1306 1765 1339 1826 et
1360 1759 1435 1824 har-

267 1861 401 1925 moniam
424 1878 566 1941 servare,
594 1879 665 1926 cum
687 1864 858 1928 secundum
882 1862 1057 1943 Wastphali
1079 1860 1372 1943 interpretationem
1394 1859 1435 1924 de

265 1960 394 2042 rythmo
416 1963 482 2025 solo
504 1960 552 2025 bis
575 1961 673 2025 verba
693 1960 798 2027 faciat.

351 2083 513 2165 Westphal
546 2084 642 2148 etiam
679 2082 820 2149 fidicines
859 2088 891 2149 et
931 2084 1075 2149 tibicines
1113 2100 1258 2148 numeros
1290 2081 1438 2146 lerientes

267 2188 495 2248 commemorat.
544 2183 577 2247 hi
604 2201 726 2265 qnoque
755 2184 795 2249 ad
820 2183 1097 2249 demonstrandam
1121 2183 1236 2248 veteris
1259 2183 1393 2247 musicae
1408 2199 1434 2246 a

266 2287 375 2347 nostra
405 2282 618 2346 diversitatem
648 2283 713 2364 apti
744 2288 828 2346 sunt.
872 2301 943 2347 nam
965 2282 1107 2348 tibicines
1131 2282 1233 2348 choris
1257 2281 1433 2346 occinentes

266 2382 361 2445 etiam
391 2380 525 2446 saltasse
546 2380 730 2445 Aristoteles
759 2386 840 2462 poet.
863 2399 889 2447 c.
912 2383 951 2446 26
978 2381 1068 2447 docet
1090 2380 1135 2464 (ot
1154 2381 1273 2464 φαολοῐ
1294 2380 1433 2462 αὐληταὶ

265 2479 458 2562 κνλιόμενοι,
476 2476 519 2544 οἰ“ν
536 2481 650 2545 δίσκον
667 2481 725 2564 δέῃ
740 2485 929 2563 μιμεῖσθαι,
949 2482 1003 2545 καὶ
1020 2482 1164 2554 ἕλκοντες
1175 2481 1234 2547 τόν
1244 2485 1433 2564 κορυφαῖον,

267 2576 310 2643 ἄν
337 2578 486 2644 Σκύλλαν
513 2579 687 2663 ottonem
719 2580 757 2645 de
788 2581 976 2646 citharoedis
1005 2581 1194 2645 saltantibus
1223 2580 1260 2646 cl.
1284 2580 1433 2645 Atheni

267 2699 292 2744 c.
304 2679 354 2761 39,
377 2679 467 2743 Plato
485 2679 583 2745 Alcib.
602 2680 628 2760 l,
648 2685 725 2744 losa
748 2679 878 2763 (Christ.
893 2680 986 2745 Metr.
998 2681 1080 2762 696),
1103 2680 1141 2744 de
1161 2680 1274 2744 aulatis
1293 2679 1433 2744 Atheni

267 2798 293 2844 c.
316 2784 366 2860 40,
387 2778 461 2843 XIV
481 2797 505 2843 c.
523 2786 559 2860 4,
588 2779 626 2844 de
648 2780 814 2861 rhapsodis
836 2781 888 2843 Ar.
909 2785 992 2862 poet.
1017 2784 1055 2843 26
1083 2782 1186 2863 (quem
1208 2779 1307 2844 locum
1329 2778 1435 2844 Christ

268 2878 361 2943 Metr.
382 2897 412 2960 p.
439 2882 478 2942 52
509 2897 571 2944 non
600 2885 686 2944 recte
715 2878 871 2962 explieat).
931 2880 1017 2963 quod
1047 2897 1116 2944 cum
1147 2897 1186 2943 ne
1216 2877 1272 2943 hos
1301 2879 1436 2959 quidem,

268 2979 409 3061 quamvis
431 2979 641 3042 instrumenta
660 2983 814 3060 tenerent,
841 2979 1025 3044 saltationes
1046 2984 1190 3062 expertes
1212 2997 1281 3044 essa
1302 2978 1435 3058 licuerit,

268 3079 391 3142 omnino
421 3096 482 3142 non
512 3078 664 3142 tolerasse
692 3078 838 3142 videntur
861 3077 974 3142 Graeci
1000 3097 1190 3160 ¹quemquam
1213 3079 1244 3142 in
1267 3083 1435 3159 conspectu

269 3195 324 3241 suo
354 3177 490 3258 positum
519 3195 583 3240 rem
612 3180 760 3242 musicam
784 3196 947 3256 exercere,
979 3178 1054 3261 quin
1077 3178 1158 3242 idem
1181 3181 1273 3258 grato
1296 3177 1436 3258 corporis

269 3282 355 3340 motu
385 3275 489 3341 oculos
516 3279 655 3357 iuvaret,
688 3278 875 3358 praesertim
898 3277 930 3340 in
955 3277 1063 3342 mediis
1085 3277 1284 3342 saltantibus.
1326 3295 1435 3359 quam-

270 3375 376 3440 ohrem
407 3374 482 3439 nihil
511 3375 610 3456 magis
639 3375 795 3440 diversum
817 3395 908 3457 quam
932 3382 1059 3442 nostrae
1081 3377 1196 3442 aetatis
1219 3377 1395 3458 hegemona
1415 3396 1436 3442 a

270 3482 375 3540 vetere
397 3474 481 3540 chori
504 3475 581 3540 duce
603 3475 803 3540 iudicandum
826 3482 882 3540 est.

271 3658 465 3668 ...ι-...-

340 3769 366 3837 1)
383 3768 486 3824 iniuria
511 3769 658 3840 Westphal
682 3770 724 3824 ΙΙ*
746 3774 778 3826 71
808 3770 842 3825 de
868 3770 921 3824 hac
944 3769 1051 3837 λιχαοοῖι
1078 3770 1263 3840 explicatione
1291 3773 1438 3840 propterea

270 3853 389 3919 dubitat,
410 3854 474 3922 quia
489 3855 543 3910 iam
557 3855 713 3924 antiquitus
727 3857 833 3924 plectro
849 3855 1011 3926 cecinerint,
1028 3857 1134 3928 plectro
1153 3857 1211 3911 solo
1226 3872 1288 3912 usos
1302 3873 1359 3910 esse
1374 3875 1438 3910 nua-

271 3956 354 4006 quam
373 3939 508 4006 traditur,
527 3942 573 3995 sed
593 3941 641 4010 qui
661 3959 692 3996 eo
712 3943 877 4006 utebantur,
897 3942 976 3996 laeva
995 3943 1167 4013 psallebant,
1186 3943 1285 3995 dextra
1303 3943 1439 4012 plectrum

270 4024 422 4080 habebant.
