3244 4976
836 326 879 393 72

254 509 418 592 distinguit
446 507 503 572 ἐπὶ
525 505 563 569 τὸ
584 502 764 588 βαρύτερον
786 506 950 569 ἀνίεσθαι
972 507 1006 568 οι
1026 505 1083 568 ἐπὶ
1105 505 1143 568 τά
1166 504 1325 583 άξάτερον
1346 503 1425 566 ἀνα·

253 616 379 693 βαίνειν
401 607 471 690 (pro
494 603 751 683 ἐπιτείνεσθαι).
804 601 997 670 Plutarchus
1026 604 1078 676 (de
1101 604 1168 670 coh.
1192 606 1239 668 ira
1261 623 1286 669 c.
1307 603 1338 686 6)
1359 605 1428 669 tibi-

255 713 354 776 cinem
386 707 421 774 G.
450 704 592 772 Graccho
623 709 781 768 astantem
817 703 967 773 habuisse
996 704 1071 767 dicit
1106 709 1282 786 συρίγγιον,
1314 693 1342 786 ᾧ
1368 703 1432 794 τι),

184 957 187 964 .
257 909 339 974 idem
367 908 608 972 instrumentum
638 903 702 983 (Ti.
725 901 858 968 Gracch.
882 907 910 983 2,
931 903 966 984 5)
1004 903 1185 984 appellatur
1221 909 1428 985 φωνασκικὸν·

257 1004 403 1089 ὄργανον,
423 991 451 1086 ᾧ
465 1003 542 1077 τοάς
560 999 725 1085 φθόγγους
742 1001 1007 1084 ἀναβιβάζουσιν.
1048 1004 1222 1084 comparati
1242 1004 1302 1069 ioci
1317 1006 1429 1073 docent

259 1104 471 1188 ἀναβιβάζειν
493 1103 533 1166 ad
554 1100 653 1166 τάσιν
675 1103 843 1182 pertinere.
888 1097 988 1183 άρσιν
1008 1101 1118 1166 Pietho
1142 1103 1289 1185 (Vincent
1310 1112 1376 1171 not.
1397 1113 1430 1172 et

259 1212 340 1272 extr.
369 1205 399 1270 d.
428 1221 519 1268 inscr.
550 1203 627 1285 236)
668 1200 779 1265 definit
816 1200 970 1282 ὀξυτέρου
1009 1201 1158 1285 φθόγγου
1185 1204 1221 1265 ἐκ
1249 1207 1430 1288 βαρυτέρου

259 1304 457 1393 μετάληψιν,
478 1320 558 1386 quae
580 1319 651 1365 vere
674 1307 722 1364 est
744 1301 913 1381 ἕπίτασις;
936 1300 1054 1366 Caesar
1075 1301 1143 1383 (Gr.
1163 1301 1314 1383 Rythmih
1333 1323 1362 1386 p.
1377 1306 1429 1388 69)

258 1405 318 1471 huc
344 1404 441 1469 reiert
466 1404 518 1468 Ps.
541 1401 692 1466 Prisciani
716 1399 888 1464 doctrinam
913 1399 966 1482 (de
987 1418 1050 1466 acc.
1073 1403 1103 1482 2,
1121 1402 1173 1482 13)
1196 1401 1300 1468 thesin
1325 1406 1428 1471 cuius-

260 1523 321 1589 que
342 1503 430 1569 vorbi
452 1519 505 1567 aas
528 1501 666 1582 syllabas
690 1499 890 1581 appellantis,
918 1518 999 1581 quae
1022 1507 1145 1565 acutam
1169 1509 1352 1584 sequuntur.
1396 1510 1427 1569 in

259 1603 359 1685 probi.
384 1601 582 1666 Aristoteleis
606 1599 670 1682 (le,
688 1601 739 1681 37)
762 1600 845 1664 acuti
868 1602 935 1664 soni
957 1602 1000 1664 τά
1022 1597 1091 1665 diro
1113 1609 1277 1668 vocantur.
1320 1623 1429 1686 quam·

261 1705 366 1770 obrem
390 1702 433 1782 ei,
457 1701 565 1785 quiin
588 1700 671 1764 vocis
694 1699 851 1763 humanae
874 1706 1019 1764 naturam
1042 1701 1256 1783 inquirebant,
1279 1706 1429 1784 graviora

261 1804 373 1888 quovis
411 1802 501 1865 modo
533 1801 590 1864 sub
624 1799 814 1864 acutioribus
851 1799 1002 1864 collocare
1035 1800 1216 1867 studebant.
1273 1804 1428 1870 Aristides

261 1905 368 1982 Quint.
388 1902 439 1966 18
461 1900 536 1964 dicit
556 1899 618 1986 τήν
638 1896 807 1982 βαρύτητα
829 1903 987 1979 γενέσθαι
1005 1899 1161 1964 κάτωθεν
1180 1900 1429 1985 ἀναφερομένου

259 2007 320 2067 τοῦ
340 1999 544 2081 πνεύματος,
565 2000 628 2085 τήν
649 1997 793 2082 ὀξύτητα
814 1999 974 2080 ἐπιπολῆς
994 2008 1200 2084 προϊεμένου.
1250 2005 1427 2069 accuratius

261 2105 301 2168 de
323 2102 372 2167 his
394 2099 603 2166 Nicomachus
624 2099 711 2163 1134
738 2098 852 2163 refert:
884 2098 902 2162 ὁ
924 2100 1067 2182 φθόγγος
1089 2101 1108 2164 o‘
1134 2102 1238 2184 βαρυς
1265 2103 1335 2166 ἀπο
1364 2106 1430 2167 τῶν

260 2204 376 2267 κοίλων
405 2204 471 2264 τάν
500 2200 583 2281 πρὸς
610 2197 725 2280 λαγόσι
748 2202 814 2261 τοῖν
833 2199 1013 2262 κατωτάτω
1031 2203 1092 2264 τοῦ
1114 2200 1265 2282 σώματος
1284 2200 1429 2284 ἄρχεται·

261 2302 336 2365 ὁδὲ
358 2300 437 2377 ὀξάς
455 2299 526 2363 ἀπὸ
547 2301 613 2361 τῶν
637 2294 728 2362 ὤτοιν
748 2322 785 2360 τε
805 2299 859 2361 καὶ
880 2301 946 2362 τῶν
967 2297 1037 2363 άνω
1058 2306 1189 2382 μορίων.
1234 2300 1286 2366 elii
1309 2303 1340 2366 in
1363 2303 1429 2367 scia

261 2401 378 2464 arteria
396 2417 488 2464 sonos
505 2397 725 2480 disponebant,
745 2399 830 2462 velut
846 2397 957 2462 Pictho
975 2398 1009 2480 (l.
1022 2399 1041 2464 l.
1057 2399 1129 2480 234)
1146 2400 1243 2465 refert
1258 2405 1430 2482 γίγνεσθαι

260 2502 321 2583 την
348 2497 518 2581 βαρύτητα
549 2497 703 2560 κάτωθεν
727 2498 781 2559 καὶ
810 2498 894 2580 πρός
916 2501 967 2578 τῷ
994 2498 1125 2582 λάρνγγι
1153 2503 1213 2563 τοῦ
1242 2501 1430 2583 πνεύματος

259 2601 428 2683 ἠχοῦντος,
452 2597 512 2680 τήν
533 2596 561 2659 δ’
583 2596 726 2679 ὀξύτητα
748 2593 817 2659 dvo
838 2597 893 2659 καὶ
916 2599 998 2678 πρὸς
1019 2601 1061 2682 τῇ
1080 2598 1222 2684 ὑπερῴην.
1266 2601 1430 2665 subtiliora

261 2699 457 2764 Ptolemaeus
480 2696 508 2774 (i
530 2715 558 2760 c.
576 2697 609 2776 3)
632 2696 828 2775 excogitavit.
880 2713 949 2759 cum
978 2697 1056 2762 tibia
1084 2699 1165 2762 enim
1188 2700 1335 2763 arteriam
1359 2719 1429 2766 con-

261 2798 323 2862 fert
333 2796 367 2880 ¹),
391 2796 444 2860 sed
467 2797 497 2859 in
521 2795 599 2859 tibia
619 2796 689 2876 <cori
708 2795 793 2857 κατά
815 2795 853 2857 τά
875 2791 1020 2878 πλῆττον
1041 2797 1147 2860 τόπον
1165 2806 1318 2881 μένοντος
1336 2799 1355 2861 ὁ
1372 2803 1431 2863 τοῦ

262 2897 487 2980 πληττομένου
502 2894 717 2976 παραχωρεῖ’,
740 2895 770 2957 in
787 2894 904 2958 arteria
919 2900 1024 2959 autern
1042 2897 1094 2976 trc*
1112 2896 1149 2959 ἐν
1162 2896 1242 2980 ἡμῖν
1256 2898 1428 2980 ἡγεμονικά

347 2994 488 3076 εὑρίσκει
509 2992 700 3074 άπαγωγειος
722 2990 846 3074 τρόπον·
867 2995 943 3068 codo
965 2995 1021 3057 ἐπὶ
1044 2998 1102 3081 τῆς
1122 2996 1276 3080 ἀρτηρίας
1297 2996 1430 3079 τόπους,

262 3095 321 3179 ἀφ’
341 3081 388 3158 οἷν
416 3091 453 3156 αἱ
481 3093 564 3174 πράς
591 3093 650 3156 τόν
679 3092 771 3165 ἐκτὸς
798 3091 880 3174 ἀέρα
909 3093 1100 3169 διαστάσεις
1123 3093 1284 3176 ἀνάλογον
1305 3095 1430 3160 ἑαυτῶν

262 3197 334 3267 ταῖς
348 3193 525 3274 ὑπεροχαῖς
538 3191 740 3255 ἀποτελοῦσι
755 3192 815 3265 τάς
829 3194 895 3254 τῶν
912 3191 1034 3281 ψόφων
1049 3193 1217 3276 διαφοράς.
1255 3198 1428 3261 acutiorem

262 3293 363 3372 igitur
386 3291 472 3355 locus
494 3290 539 3354 iili
561 3308 684 3372 quoque
706 3310 801 3372 supra
825 3309 938 3372 graves
962 3298 1019 3356 est.

347 3415 521 3496 Singularis
544 3415 640 3494 igitur
660 3421 731 3479 erat
754 3433 828 3479 osus
850 3434 961 3480 vocum
984 3415 1114 3498 ,ἀπάτη
1136 3421 1168 3480 ει
1188 3414 1295 3504 νήτη.
1338 3436 1428 3499 quem

264 3533 302 3579 ex
329 3515 415 3593 loco,
452 3531 542 3595 quem
571 3515 603 3578 in
626 3515 842 3580 instrumentis
873 3514 932 3580 hac
953 3515 1088 3580 chordae
1116 3516 1299 3594 obtineant,
1331 3517 1428 3598 expli·

264 3614 397 3678 candum
432 3631 500 3678 esse
530 3621 615 3678 recto
650 3615 726 3679 dicit
753 3614 941 3680 Plutarchus
973 3615 1107 3697 (quaest.
1129 3615 1251 3680 Platon.
1273 3616 1319 3680 IX
1339 3618 1367 3698 λ,
1389 3619 1428 3699 i).

264 3715 429 3796 perspicua
459 3719 560 3778 autem
590 3731 666 3778 usus
698 3715 785 3794 origo
814 3720 879 3796 est,
912 3716 939 3779 si
967 3716 1167 3779 recordamur
1195 3733 1254 3780 non
1284 3715 1429 3782 Mercurii

265 3865 459 3875 --—-——-

337 3927 362 3997 1)
382 3927 416 3980 cf.
436 3926 551 3980 Aristot.
568 3927 601 3980 de
620 3925 724 3980 audibit
754 3927 803 3980 ecl
816 3928 853 3990 A,
879 3927 925 3980 nbi
946 3945 1038 3982 eorum
1059 3927 1235 3993 animalium,
1259 3945 1331 3998 quae
1349 3929 1431 3997 longa

266 4013 337 4065 eolla
354 4011 483 4077 habeant,
504 4012 578 4066 vocis
596 4013 730 4079 quaedam
751 4012 882 4066 violentia
901 4020 1078 4084 comparator
1096 4032 1157 4069 cum
1167 4014 1353 4077 contentione,
1374 4033 1429 4082 qua

265 4098 301 4152 ad
319 4097 493 4168 gravissimos
512 4098 541 4150 in
559 4097 635 4151 tibiis
652 4114 731 4152 sonos
749 4098 867 4154 edendos
886 4117 953 4171 opus
971 4100 1015 4155 sit.
