3244 4976
717 347 757 411 79

239 533 351 596 Totum
374 536 479 594 autem
503 546 625 592 carmen
649 527 771 591 ‹irrobus
792 528 883 592 simul
907 530 1005 594 modis
1024 533 1145 599 musicis
1163 536 1319 616 prolatum

157 633 296 714 cogitare
327 630 498 695 absurdum
528 634 587 692 est.
632 627 712 708 quod
735 646 858 692 monere
887 647 949 694 uon
973 638 1149 712 oporteret,
1181 638 1239 701 nisi
1262 641 1320 704 viri

158 732 328 798 doctissimi
352 729 485 794 duorum
516 729 679 792 modorum
707 727 883 793 huiusmodi
915 730 1161 798 coniunctionem
1182 737 1321 804 invenire

157 833 217 898 sibi
247 832 306 897 visi
333 838 449 896 esseut.
491 827 615 894 Horatii
645 829 725 893 enim
757 828 855 893 locum
883 831 972 911 epod.
995 837 1025 912 8,
1048 835 1140 917 5sq.:
1172 837 1321 917 ,Sonantc

158 933 288 998 mistum
310 930 397 995 tibiis
415 948 542 994 carmen
563 929 642 1010 lyra,
661 930 666 1010 Ι
685 928 742 994 hac
759 929 882 994 dorium
901 930 962 995 illis
981 933 1170 1018 barbarnm’,
1195 938 1321 1005 Boeckh

158 1034 210 1115 (de
230 1051 269 1095 m.
284 1032 319 1096 P.
336 1029 409 1111 256)
431 1029 566 1094 Perralti
585 1035 617 1093 et
636 1028 760 1092 Baretti
780 1030 968 1094 sententiam
987 1032 1148 1114 ampiexus
1166 1036 1322 1104 demodis

157 1133 253 1197 Dorio
277 1137 309 1196 et
331 1131 431 1212 Lydio
452 1128 542 1193 simul
573 1127 756 1192 sonantibus
785 1129 937 1211 explicam
970 1133 1001 1194 iu
1031 1134 1138 1198 cadem
1168 1141 1322 1206 sententia

158 1239 231 1298 sunt
248 1233 380 1296 Vincent
399 1229 476 1312 (not
499 1233 530 1293 et
552 1233 632 1292 extr.
655 1227 683 1291 d.
705 1246 797 1293 mser.
815 1248 845 1309 p.
866 1230 918 1311 76)
941 1236 972 1294 et
996 1233 1080 1298 Fetis
1111 1233 1176 1318 (sur
1200 1237 1321 1306 l'harm.

158 1331 273 1403 simult.
299 1335 377 1396 1888
399 1349 429 1412 p.
445 1330 495 1408 16)
536 1336 548 1392 t
569 1326 632 1392 aiii.
676 1346 755 1409 quae
778 1329 951 1410 explicatio,
973 1333 998 1395 si
1019 1335 1130 1398 morali
1153 1336 1267 1419 indole,
1289 1339 1322 1404 id

159 1431 242 1516 quod
274 1430 349 1496 mihi
381 1429 543 1510 persuasi,
573 1427 760 1493 differebant
781 1427 813 1492 hi
833 1429 916 1494 modi
931 1432 962 1510 ¹),
991 1435 1226 1513 perversissima
1256 1445 1323 1516 est3

162 1532 187 1596 si
211 1531 286 1596 sotis
308 1547 454 1596 sonorum
476 1528 657 1605 intervallis,
682 1528 829 1592 molestus
851 1535 884 1594 et
903 1528 1009 1595 fatuus
1025 1531 1185 1613 Horatius,
1209 1538 1261 1618 qui
1284 1539 1324 1603 de

160 1630 337 1696 istiusmodi
360 1629 521 1695 tibicinum
543 1634 576 1693 et
594 1627 750 1692 fidicinum
771 1629 853 1693 curis
881 1629 911 1692 in
936 1633 1073 1697 carmine
1095 1635 1190 1699 rerba
1218 1636 1324 1702 iaciat.

159 1732 242 1798 idem
272 1731 359 1796 cadit
387 1733 418 1794 in
449 1748 573 1794 carmen
605 1727 704 1808 011,
734 1729 782 1792 cui
801 1727 926 1792 Boeckh
955 1731 988 1811 (l.
1010 1730 1043 1812 i.)
1073 1733 1200 1799 eandem
1230 1735 1327 1800 inter-

161 1833 368 1914 pretationem
406 1829 552 1910 adhibet3
594 1847 651 1893 nec
690 1829 767 1894 satis
798 1829 905 1894 mirari
934 1848 1099 1911 possumus
1136 1834 1193 1898 viri
1222 1837 1326 1901 eximii

160 1933 339 2014 audaciam,
367 1935 420 2012 qui
449 1933 487 1995 ad
514 1930 638 1994 Horatii
668 1947 790 1994 carmen
819 1931 1028 1995 instrumenta
1059 1931 1167 1998 ditono
1198 1941 1230 1998 et
1259 1935 1325 2000 dia-

159 2041 303 2099 tessaron
333 2033 463 2097 invicem
486 2031 687 2097 consonuisse
716 2035 840 2094 statuat
868 2034 899 2094 et
921 2047 938 2094 e
960 2030 1086 2096 Pindari
1113 2034 1249 2098 carmine
1271 2035 1326 2100 tri-

161 2134 321 2199 hemitonii
341 2151 429 2198 usum
450 2131 659 2196 harmonicum
681 2135 776 2212 tcerto
800 2129 958 2211 colligi'(!)
982 2131 1175 2213 dicitquod
1199 2134 1326 2199 demon-

159 2239 293 2299 stratum
316 2239 398 2298 esset
419 2231 617 2296 instrumenti
637 2234 669 2296 et
690 2229 774 2294 vocis
797 2247 907 2309 sonos,
938 2230 1062 2294 etiamsi
1085 2232 1197 2296 diversi
1218 2252 1326 2298 eorum

159 2333 241 2398 modi
257 2338 372 2414 essent,
391 2331 498 2397 eodem
518 2335 622 2394 tamen
644 2329 752 2394 ordine
771 2347 828 2410 per
843 2334 943 2394 totum
961 2349 1085 2396 carmen
1107 2350 1142 2396 se
1158 2333 1325 2414 excepisse.

161 2433 244 2499 Jahn
265 2431 413 2514 (Hermes
435 2431 466 2494 11
489 2431 563 2510 430)
592 2447 654 2493 non
673 2428 783 2508 simui,
811 2429 866 2494 sed
896 2430 1027 2495 invicem
1058 2432 1155 2512 lyram
1175 2431 1271 2495 Duria
1295 2437 1327 2497 et

160 2533 269 2597 tibiam
300 2531 440 2613 Phrygia
470 2531 642 2595 occinuisse
675 2531 805 2606 statuit3
847 2549 907 2593 uon
940 2535 1039 2607 recte,
1070 2549 1139 2594 cum
1171 2531 1326 2596 Horatius

159 2634 272 2696 mixtos
303 2632 388 2696 dicet
420 2630 514 2695 tibiae
552 2636 583 2694 et
613 2629 699 2710 lyrae
736 2647 837 2694 sonos.
888 2646 974 2714 quae,
995 2628 1153 2711 Kiessiing
1182 2632 1326 2711 adnotat,

159 2732 316 2797 obversari
339 2730 463 2795 Horatii
486 2730 589 2793 animo
612 2729 733 2811 epinioii
747 2729 876 2792 Dorium
898 2733 931 2792 et
951 2727 1325 2812 dithyrambiPhryginm

159 2832 292 2911 modum,
315 2849 404 2911 opem
426 2827 613 2893 nonierunt.
658 2828 800 2909 equidem
822 2828 867 2892 ita
882 2827 1005 2892 Horatii
1027 2829 1123 2893 verba
1142 2829 1325 2910 explicanda

160 2947 286 2994 censeo:
309 2929 469 3009 oppositas
486 2929 567 2992 inter
585 2945 618 2991 se
640 2945 732 3008 saepe
749 2927 922 2992 invenimus
938 2929 1018 3008 apud
1038 2933 1160 2991 veteres
1176 2927 1325 2992 musicam

161 3031 314 3094 Graecam
347 3032 379 3091 ct
405 3027 591 3108 Asiaticam,
624 3027 783 3109 oppositas
813 3028 907 3092 etiam
938 3026 1074 3092 citharas
1103 3026 1196 3090 tibiis.
1238 3028 1325 3108 prius

158 3149 216 3210 par·
238 3127 344 3207 fuisse,
364 3129 416 3208 qni
433 3127 608 3192 nominibus
625 3127 711 3192 Dorii
729 3133 761 3190 et
772 3126 901 3208 Phrygii
923 3126 1159 3206 distinguerent,
1180 3125 1325 3191 latiorem

158 3229 301 3292 videlicet
328 3228 455 3307 utrique
488 3227 605 3290 nomini
641 3227 702 3290 vim
729 3226 920 3306 tribuentes,
951 3227 1136 3291 Aristoteles
1165 3225 1231 3288 Pol.
1253 3227 1283 3308 4,
1306 3229 1325 3291 3

161 3333 296 3392 testetur
318 3327 358 3406 (r.
376 3325 518 3392 Bellerm.
541 3328 639 3390 Anon.
662 3327 702 3391 18
725 3326 796 3390 adn.
818 3325 960 3408 Westph.
980 3327 1033 3390 11³
1054 3323 1143 3406 177);
1166 3327 1226 3388 huo
1249 3342 1325 3405 qua-

159 3427 240 3508 drat,
269 3426 352 3506 quod
384 3425 475 3489 Plato
505 3424 617 3507 (Lech.
644 3424 759 3506 1881))
794 3425 920 3489 Doriam
952 3426 1049 3489 solam
1079 3442 1151 3488 vero
1182 3441 1325 3503 graecam

159 3526 351 3590 harmoniam
383 3524 531 3605 appellat,
553 3525 694 3589 Aeoliam
727 3525 871 3589 nimirum
894 3525 959 3589 sive
981 3523 1194 3606 Hypodoriam
1218 3525 1325 3586 eodem

159 3625 282 3689 nomine
306 3622 591 3704 comprehendens;
622 3623 806 3688 confluxisse
828 3632 932 3688 autem
952 3624 1013 3687 dno
1036 3623 1089 3686 ilia
1112 3623 1325 3704 oppositorum

158 3725 246 3804 peria
268 3741 334 3788 cum
359 3721 482 3786 aliunde
501 3727 566 3786 tum
583 3741 619 3786 ex
634 3722 813 3788 Aristotelis
828 3722 907 3807 (Pol.
919 3726 949 3803 8,
972 3729 1008 3798 73
1030 3721 1172 3786 laudavit
1185 3721 1325 3786 Bellerm.

160 3869 353 3882 *ι’-σθ’·

228 3954 252 4019 1)
273 3953 412 4006 Lucienus
431 3950 573 4018 (Hermon.
594 3951 619 4017 1)
644 3951 673 4004 in
692 3952 803 4007 auletae
828 3952 925 4007 officiis
945 3954 1074 4006 numerat
1098 3951 1171 4006 modi
1195 3951 1326 4020 cuiusque

156 4038 274 4092 indolem
295 4055 411 4099 servare,
431 4037 477 4104 τῆς
495 4040 608 4107 Φρυγίου
621 4039 650 4087 τὸ
671 4041 771 4100 ἔνθεον,
789 4039 946 4106 τῆςΛυὸίου
965 4041 992 4089 τὸ
1014 4041 1145 4103 Βακχικόν,
1166 4040 1212 4106 τῆς
1230 4041 1327 4107 Δωρίου

159 4125 187 4175 τὸ
207 4130 298 4185 σεμνόν
316 4126 368 4176 etc.
