3244 4976
844 378 884 442 32

278 567 314 643 ἐξ
349 560 459 628 αὐτόν
475 554 616 620 τούτων
648 560 806 637 γενέσθαι
834 556 990 639 κριτικόν,
1024 565 1197 639 πειρατέον
1223 564 1444 643 καταμαθεῖν·

277 669 407 748 πρῶτον
428 662 464 724 ἐκ
484 659 545 722 τοῦ
563 655 642 744 ἡμῖν
663 655 866 722 ὑποκεῖσθαι
886 658 929 721 τα“
953 662 1015 739 μέν
1034 660 1100 721 τῶν
1118 667 1314 741 κρινομένων
1326 661 1442 741 τέλεια,

275 767 318 829 τοὶ
340 764 369 827 δ’
389 762 500 847 α’τελῆ.
543 759 618 822 haec
648 756 810 821 obscurius
840 757 923 821 dicta
952 765 1044 839 sunt,
1074 759 1129 823 sed
1159 760 1232 841 quid
1257 761 1315 825 sibi
1338 761 1443 840 veiint,

275 863 440 946 sequentia
461 861 579 924 docent.
623 856 786 921 dicendum
809 862 894 921 erat:
924 859 1067 938 tprimum
1089 859 1172 940 quia,
1195 879 1263 924 cum
1285 866 1317 925 et
1338 861 1444 924 τέλεια

275 971 308 1030 et
330 962 432 1048 ἀτελῆ
458 958 624 1024 iudicanda
654 957 734 1036 sint,
766 957 895 1021 istarum
927 975 1029 1022 rerum
1057 959 1175 1038 peritus
1196 960 1299 1046 α’τελῆ
1319 965 1440 1025 tantum

180 1083 198 1107 ε
274 1070 381 1147 potest
412 1060 569 1137 iudicare,
602 1075 662 1121 non
690 1054 815 1119 τέλειοί.
866 1056 927 1120 iarn
957 1057 1064 1120 τέλεια
1091 1059 1124 1122 in
1155 1058 1233 1123 duas
1262 1067 1369 1142 partes
1397 1061 1443 1124 di·

274 1165 422 1228 viduntur
451 1160 481 1238 1)
504 1157 586 1220 αὐτό
606 1179 642 1218 τε
663 1158 729 1218 τόν
751 1154 945 1237 ποιημάτων
967 1157 1107 1221 ἕκαστον
1128 1147 1197 1221 οἷον
1218 1159 1257 1222 τό
1278 1158 1442 1241 ᾀδόμενον

270 1262 292 1350 ἢ
313 1260 517 1343 αὐλούμενον
537 1253 560 1343 ἤ
580 1254 830 1338 κιθαριζόμενον
851 1251 873 1342 ἤ
902 1256 933 1337 2)
954 1257 975 1342 ἦ
996 1255 1137 1321 ἑκάστου
1158 1256 1269 1321 αὐτῶν
1290 1257 1443 1342 ἑρμηνεία

271 1355 340 1427 οἷον
362 1358 383 1448 η’
404 1362 432 1424 τ’
453 1355 586 1442 αὔλησις
607 1359 661 1421 καὶ
683 1356 703 1440 ἦ
726 1355 794 1443 ᾠδή
815 1358 869 1420 καὶ
891 1358 933 1420 τοί
956 1356 1056 1420 λοιποὶ
1078 1360 1143 1420 τῶν
1161 1357 1324 1424 ταιούτων.
1367 1360 1442 1424 haec

273 1469 322 1528 est
343 1461 450 1525 cadem
474 1459 601 1536 divisio,
632 1476 727 1541 qnam
751 1476 788 1522 ex
808 1476 833 1521 c.
855 1461 893 1521 32
916 1475 1012 1538 supra
1033 1456 1237 1522 exhibuimus.
1280 1461 1441 1541 pergitur:

270 1561 373 1647 α’τελῆ
411 1549 448 1622 δέ
482 1558 525 1621 τό
554 1557 636 1639 πρός
670 1559 775 1619 ταῦτα
805 1562 1017 1621 συντείνοντα
1043 1557 1098 1620 καὶ
1123 1559 1166 1620 τό
1196 1556 1321 1622 τούτων
1346 1559 1440 1622 ἕνεκα

270 1657 433 1741 γινόμενα·
452 1659 590 1720 τοιαῦτα
608 1657 646 1720 δὲ
665 1657 709 1720 τό
730 1665 811 1740 μέρη
833 1660 890 1742 τῆς
909 1655 1131 1740 ἑρμηνείας-
1148 1658 1209 1722 iam
1224 1666 1440 1740 exspectamus

272 1766 308 1824 ut
339 1759 496 1824 chiasmus
523 1756 706 1838 perficiatur
733 1763 765 1821 et
792 1763 905 1838 quarto
936 1758 1003 1821 loco
1031 1757 1074 1821 τοὶ
1099 1766 1180 1840 μέρη
1201 1760 1258 1845 τῆς
1280 1756 1442 1844 ποιήσεως

272 1858 454 1924 afferantur.
506 1857 559 1922 sed
590 1874 670 1937 quae
701 1861 892 1938 sequuntur:
921 1855 1091 1939 ίΔεύτερον
1120 1859 1155 1920 ἐκ
1182 1861 1240 1944 τῆς
1269 1860 1438 1946 ποιήσεως·

271 1957 419 2033 ώςαότως
437 1957 498 2040 γαρ
519 1957 574 2020 καὶ
595 1955 699 2044 αὕτη,
729 1975 789 2021 non
814 1957 913 2021 solum
935 1957 1061 2038 mutila,
1094 1957 1149 2022 sed
1172 1959 1267 2022 etiam
1288 1977 1437 2040 perversa

270 2065 353 2124 sunt.
393 2075 463 2121 narn
492 2057 544 2138 qui
572 2057 713 2138 scripsit:
742 2055 914 2138 Λεότερον
937 2056 990 2135 ἐτ’,
1019 2058 1095 2122 baec
1123 2058 1313 2138 respondere
1334 2058 1437 2123 voluit

269 2157 487 2224 antecedenti:
509 2158 647 2238 ‚nociaco
662 2156 715 2220 e'x'.
761 2155 815 2220 sed
836 2158 968 2239 πρῶτον
991 2155 1030 2220 ud
1053 2161 1152 2220 totam
1174 2157 1261 2221 illam
1284 2161 1314 2220 in
1331 2157 1438 2221 τέλεια

269 2265 302 2322 et
321 2257 423 2342 α’τελῆ
445 2255 697 2320 distributionem
712 2257 857 2336 pertinet,
880 2257 928 2320 cui
944 2274 1053 2320 rursus
1066 2256 1206 2321 subiecta
1217 2263 1267 2322 est
1278 2256 1439 2344 ποιήσεως

270 2365 302 2422 et
323 2357 494 2440 ἑρμηνείας
515 2355 687 2432 distinctio:
709 2356 819 2439 itaque
842 2357 1002 2438 ποιήσεως
1024 2357 1139 2420 mentio
1162 2376 1222 2420 non
1240 2364 1346 2438 potest
1362 2377 1437 2424 voce

268 2456 441 2540 ,δεύτερον
460 2455 592 2520 annecti.
638 2473 719 2536 quac
738 2455 900 2545 Westphal
919 2465 962 2537 (p.
972 2455 1026 2536 57)
1043 2455 1184 2521 exhibet:
1206 2457 1284 2539 tWir
1305 2458 1433 2523 ersehen

270 2559 326 2622 das
348 2563 470 2621 erstens
491 2555 624 2633 danaae,
655 2555 728 2618 dass
757 2555 934 2637 dasjenige,
964 2573 1027 2619 was
1049 2575 1172 2621 unserm
1193 2558 1435 2624 musikalischen

268 2657 389 2722 Urteile
411 2654 592 2735 vorgeftihrt
610 2655 697 2735 wind,
719 2654 789 2719 teiis
804 2654 1024 2736 Selbstzwecx,
1047 2656 1435 2723 teiisMittelzurnZweck

267 2759 316 2822 ist.
360 2754 569 2822 Selbstzweck
589 2756 631 2819 ist
654 2755 816 2819 einerseits
835 2755 905 2838 jede
923 2755 1135 2836 Composition
1218 2807 1224 2821 .
1242 2758 1433 2823 andrerseits

265 2858 396 2921 die...
419 2855 525 2920 Kunst
548 2854 603 2920 des
627 2855 796 2920 Virtuosen
915 2855 982 2918 Wir
1005 2857 1134 2921 ersehen
1156 2876 1189 2921 es
1212 2859 1356 2922 aweitens
1379 2877 1435 2922 aus

271 2956 327 3020 der
350 2954 698 3035 Compositionskunst‚
722 2954 803 3019 denn
825 2955 881 3019 mit
904 2954 1005 3020 dieser
1027 2955 1150 3021 verbidt
1173 2975 1206 3022 es
1229 2958 1293 3021 sich
1316 2959 1438 3023 ebenso'

265 3054 342 3120 haec
364 3073 456 3120 sensu
477 3061 594 3119 carent.
639 3062 812 3137 sequuntur
830 3057 912 3136 apud
929 3056 1146 3122 Plutarchum:
1169 3055 1353 3139 ὑποκρίνειε
1376 3059 1436 3143 γαρ

265 3152 308 3219 ἄν
336 3178 383 3229 τις
412 3153 542 3218 α’κούων
569 3155 726 3238 αὐλητοῦ,
756 3153 899 3237 πότερόν
921 3179 1005 3219 ποτε
1030 3159 1264 3238 συμφωνοῦσιν
1286 3157 1318 3222 οἱ
1340 3159 1434 3224 αὐλοὶ

262 3252 283 3338 ἥ
304 3246 346 3318 οὐ
363 3255 417 3318 καὶ
439 3252 580 3337 πότερον
606 3253 626 3341 ἦ
648 3254 815 3330 διάλεκτος
839 3254 947 3340 σαφής
973 3248 996 3338 ἤ
1019 3254 1218 3320 τούναντίον·
1253 3256 1377 3322 τούτων
1403 3259 1434 3321 d'

263 3354 404 3419 ἕκαστόν
431 3355 502 3418 ε’στι
529 3363 624 3438 μέρος
651 3358 708 3429 τίς
736 3355 906 3439 αὐλητικῆς
935 3353 1105 3437 ἑρμηνείας
1134 3362 1209 3435 etc,
1247 3375 1329 3438 quae
1366 3377 1432 3423 cum

265 3453 540 3520 antecedentibus:
569 3459 713 3536 ιτοιαῦτα
743 3456 780 3518 δὲ
807 3456 850 3518 τοὶ
877 3463 959 3538 μέρη
988 3456 1044 3541 τῆς
1072 3453 1249 3538 ἑρμηνείας’
1276 3458 1433 3523 artissime

263 3555 430 3620 cohaerere
460 3554 570 3619 ultima
599 3555 693 3620 verba
714 3555 835 3620 docent.
879 3555 1027 3618 docemur
1047 3553 1158 3619 deinde
1181 3573 1242 3618 non
1265 3557 1343 3620 satis
1365 3575 1432 3621 esse

264 3653 301 3718 de
323 3653 371 3718 bis
393 3653 534 3735 partibus
557 3654 686 3734 singulis
705 3654 852 3719 iudicium
868 3651 945 3735 deri,
967 3652 1023 3717 sed
1045 3657 1148 3717 totum
1166 3645 1434 3744 ἑρμηνείαςῆθος

261 3752 458 3817 iudicandum
501 3771 579 3818 esse.
641 3754 853 3818 desideramus
895 3752 996 3816 adhuc
1040 3758 1186 3835 quartam
1229 3761 1351 3834 partem
1394 3758 1431 3822 de

262 3855 421 3936 ποιήσεως
449 3854 602 3935 partibus,
647 3871 781 3935 quarum
811 3852 927 3916 mentio
957 3851 987 3914 in
1017 3853 1165 3915 extremis
1194 3853 1306 3932 capitis
1326 3856 1431 3921 verbis

263 3953 363 4018 inest:
395 3953 436 4035 (Ὁ
462 3953 560 4028 αὐτός
589 3954 626 4017 δὲ
654 3951 744 4035 λόγος
772 3955 825 4017 καὶ
857 3952 914 4016 ἐπὶ
942 3952 1007 4013 τοῖν
1034 3954 1161 4014 παθῶν
1186 3954 1252 4017 τῶν
1279 3954 1346 4019 dno
1377 3959 1432 4040 τῆς

262 4055 428 4139 ποιητικῆς
458 4063 707 4136 σημαινομένων
735 4054 771 4118 ἐν
791 4058 859 4126 τοϊς
881 4049 1082 4136 ποιήμασιύ.
1119 4051 1138 4115 i.
1157 4070 1183 4115 e.
1207 4054 1302 4118 etiam
1322 4055 1431 4141 πάθη,

261 4167 342 4231 quae
364 4156 456 4234 poeta
478 4153 544 4234 ipse
567 4153 666 4219 modis
689 4151 883 4240 (ποιήμασιν
897 4149 1109 4233 canescphai
1126 4151 1218 4233 pm)
1241 4155 1306 4219 suis
1329 4157 1430 4222 inesse
