3244 4976
728 400 769 464 23

168 594 225 640 usu
261 579 419 656 sumptam
458 575 696 654 angustioribus
731 575 843 640 finibus
881 576 1199 657 circumscripserunt.
1253 577 1338 659 quod

168 674 333 740 confirmat
353 675 569 752 Philodemus,
599 676 653 756 qui
675 675 730 756 (de
751 693 832 740 mus.
853 675 911 741 col.
932 675 990 756 li]
1012 683 1109 758 negat
1128 695 1203 742 suae
1224 679 1338 741 aetatis

168 776 318 840 musicam
340 775 433 839 rebus
456 774 568 838 divinis
590 780 696 856 aptam
715 793 791 855 esse,
814 775 889 856 quia
910 776 972 839 iam
991 795 1052 840 non
1072 795 1092 840 a
1109 776 1214 841 divino
1229 775 1337 840 furore

169 875 324 954 incitatis,
348 874 401 938 sed
424 893 443 938 a
467 875 610 940 mercede
631 875 791 939 conductis
815 880 1016 956 exerceatur,
1039 877 1091 956 qui
1114 876 1214 940 solum
1237 877 1338 941 sciant

168 997 258 1054 τερε.
271 1025 276 1038 .
288 1021 315 1036 ..
338 975 456 1054 (cetera
474 975 696 1055 evanuerunt);
721 975 769 1038 his
791 993 854 1040 non
876 975 1066 1055 singularem
1085 975 1173 1040 illum
1190 975 1337 1057 Bryennii

169 1079 201 1136 et
223 1073 380 1154 Anonymi
400 1073 593 1156 τερετισμόν
614 1074 726 1154 respici
744 1074 942 1139 manifestum
966 1081 1023 1139 est.
1067 1075 1225 1156 complura
1241 1077 1337 1155 igitur

168 1171 263 1236 verbo
289 1177 460 1253 τερετίζειν
488 1172 656 1253 significari
688 1173 847 1239 videmus:
882 1175 1015 1253 primum
1043 1193 1136 1240 sonos
1159 1193 1212 1238 ore
1235 1174 1336 1239 editos

169 1289 279 1336 sensus
307 1278 466 1354 expertes3
499 1274 612 1337 deinde
634 1273 729 1338 tibiae
750 1273 896 1338 fidiumve
918 1281 1062 1350 cantum3
1092 1281 1159 1338 tum
1187 1274 1335 1338 musicam

168 1372 208 1436 ab
229 1373 360 1452 antiqua
380 1373 580 1454 simplicitate
602 1375 693 1438 nimis
715 1381 876 1440 remotam.
925 1393 1005 1456 quae
1027 1374 1118 1439 huius
1141 1373 1228 1437 verbi
1249 1373 1336 1437 notio

167 1471 302 1536 tortasse
339 1491 405 1536 cum
442 1475 542 1554 prima
583 1473 744 1555 cohaeret;
784 1493 856 1538 nam
895 1475 948 1556 qui
989 1475 1180 1539 ornamentis
1217 1473 1335 1539 additis

168 1572 298 1636 canendi
328 1580 429 1637 artem
458 1579 618 1637 ostentare
640 1574 726 1653 vult,
756 1593 825 1639 eum
848 1593 975 1640 necesse
998 1576 1100 1639 estin
1122 1571 1252 1654 singulis
1274 1572 1337 1653 syl-

167 1672 247 1736 labis
270 1671 386 1737 dlutlus
408 1673 535 1752 morari,
558 1691 651 1752 quam
667 1674 842 1737 sententiae
863 1675 945 1738 ratio
964 1675 1121 1756 postulat3
1146 1674 1228 1738 unde
1247 1672 1336 1736 facile

167 1771 219 1852 fit,
252 1777 288 1835 ut
319 1773 427 1836 inanes
457 1789 549 1836 sonos
578 1773 660 1837 inter
687 1773 784 1837 verba
812 1781 923 1854 poetae
954 1775 1152 1855 interponere
1184 1772 1335 1836 videatur.

168 1871 230 1934 tale
252 1873 426 1935 ornamenti
449 1889 548 1952 genus
569 1873 692 1937 videtur
705 1873 933 1954 Aristophanes
956 1873 1095 1954 Euripidi
1116 1873 1333 1954 exprobrasse,

77 2044 79 2048 ¹
166 1989 234 2034 cum
264 1969 448 2055 Aeschylum
480 1969 731 2037 εἱειειειλίσσετε
763 1975 860 2055 (κατα
889 1979 1027 2058 μίμησιν
1057 1977 1113 2056 τῆς
1147 1971 1336 2054 μελοποιίας

168 2069 275 2148 schol.)
298 2071 497 2135 cantilantem
515 2072 643 2136 laceret.
682 2072 756 2153 quid
779 2073 864 2152 quod
888 2074 1070 2138 melismatis
1093 2073 1216 2135 nomine
1239 2071 1332 2151 (quod

167 2170 260 2232 ctiam
281 2187 331 2250 ap.
352 2171 452 2234 Anon
473 2177 504 2235 et
521 2171 657 2253 Bryenn.
681 2190 746 2235 rem
763 2173 967 2237 teretismatis
990 2171 1178 2238 simillimam
1201 2171 1334 2249 indicat)

167 2267 225 2332 hoo
256 2267 420 2333 artificium
448 2271 643 2351 apertissime
673 2272 871 2352 significatur
903 2290 922 2335 a
955 2272 1114 2336 Demetrio
1147 2269 1198 2352 (de
1225 2270 1334 2334 elocut.

167 2388 195 2450 p.
216 2369 340 2448 Ἄλλως
361 2370 415 2432 καὶ
438 2372 473 2434 ἐν
493 2371 593 2452 ᾠδαῖς
615 2371 653 2434 δὲ
674 2372 715 2434 cd
740 2373 930 2454 μελίσματα
951 2372 1022 2436 α’ττό
1043 2374 1102 2435 τοῦ
1122 2371 1193 2444 ἑνός
1214 2373 1336 2450 γίνεται

166 2473 225 2532 τοῦ
240 2469 344 2532 αὐτοῦ
358 2473 485 2551 μακροῦ
501 2469 699 2552 γράμματος,
717 2461 786 2535 οἷον
805 2473 898 2554 ᾠδῶν
913 2471 1210 2556 ἐπεμβολλομένων
1225 2468 1333 2550 ᾠδαῖς.

167 2565 252 2633 ὥστε
273 2567 294 2652 ἦ
314 2572 380 2632 τῶν
403 2569 523 2650 ὁμοίιον
547 2569 736 2653 σίγκρουσις
756 2573 872 2654 μικρόν
895 2573 1040 2636 ἔσταιτι
1061 2571 1145 2658 ᾠδῆς
1165 2577 1259 2651 μέρος
1281 2567 1335 2630 καὶ

166 2667 335 2750 με’λισμαί
374 2669 411 2734 cl.
432 2688 463 2749 p.
486 2671 527 2733 70
549 2672 587 2733 de
606 2670 706 2735 forma
728 2670 845 2753 η’ἐλιοςτ
869 2673 934 2751 ἔχει
953 2671 1014 2752 γάρ
1035 2695 1108 2734 τινα
1128 2670 1147 2754 ἡ
1169 2667 1261 2742 λύσις
1280 2667 1335 2729 καὶ

166 2767 186 2854 ἡ
209 2767 398 2850 σύγκρουσις
419 2760 489 2831 οἷον
510 2767 598 2853 ᾠδήν
614 2771 849 2854 ἐπιγινομενην.
893 2789 912 2834 a
930 2777 1023 2836 cantu
1040 2776 1148 2834 autem
1164 2772 1336 2850 τερετίζειν

167 2868 277 2932 latiore
305 2868 358 2932 illo
387 2887 498 2949 seusu,
536 2887 598 2950 quo
628 2870 735 2934 modos
768 2871 875 2935 molles
907 2876 939 2935 et
968 2870 1109 2934 artificiis
1137 2868 1334 2934 abundantes

167 2967 339 3046 signifieat,
379 2967 421 3055 ad
455 2969 665 3032 instrumenta
697 2986 819 3049 quoque
849 2970 1040 3034 translatum
1072 2967 1213 3048 videtur3
1251 2966 1335 3030 unde

166 3067 297 3130 Photius
315 3067 335 3130 l.
346 3066 365 3130 l.
384 3073 417 3130 et
428 3067 598 3147 Hesychius
619 3068 650 3131 in
667 3067 824 3150 νιγλάρων
839 3069 1098 3149 interpretatione
1116 3072 1336 3149 τερετίσματα

165 3168 221 3229 καὶ
244 3174 398 3248 περίεργα
419 3167 588 3250 κρούματα
610 3169 812 3248 coniungunt.
854 3169 932 3232 haec
954 3169 1041 3232 verbi
1061 3168 1146 3231 notio
1169 3185 1188 3230 a
1209 3165 1334 3229 musicis

165 3286 275 3331 rursus
306 3274 446 3331 coartata
474 3275 522 3331 est
543 3267 584 3331 ad
608 3273 726 3332 eertum
752 3269 877 3350 aliquod
900 3267 1065 3332 artificium
1088 3264 1335 3346 significandum,

165 3368 198 3430 in
216 3385 278 3447 quo
293 3368 360 3430 sine
374 3367 468 3431 dubio
486 3375 636 3447 corrupta
651 3368 767 3432 veteris
785 3368 921 3432 musicae
935 3368 1114 3448 simplicitas
1131 3384 1167 3430 ae
1184 3364 1335 3429 severitas

166 3466 319 3547 imprimis
340 3466 534 3531 cernebatur.

250 3566 366 3644 Quodsi
389 3566 573 3648 quaerimus,
598 3584 751 3647 quaenam
769 3565 913 3629 vocabuli
936 3570 1106 3647 τερετίζειν
1128 3563 1215 3627 notio
1233 3561 1335 3644 Photii

166 3667 288 3730 auctori
311 3665 477 3729 obversata
499 3667 549 3747 sit,
572 3684 639 3730 cum
664 3664 857 3746 νιγλαρείαν
878 3667 1143 3747 interpretaretur
1156 3667 1333 3744 τερετίζων,

167 3768 229 3831 iam
261 3767 291 3829 in
322 3767 420 3846 ipsam
449 3783 556 3829 vocem
583 3765 727 3846 νίγλαρος
748 3765 965 3845 inquirendum
988 3770 1048 3828 est.
1091 3762 1235 3845 νίγλαρος
1257 3762 1335 3826 tibia

168 3866 323 3948 quaedam
343 3865 499 3946 Aegyptia
522 3869 603 3929 teste
618 3864 744 3929 Polluce
762 3864 819 3947 (IV
831 3867 884 3945 82}
905 3863 1139 3946 appellabatur3
1162 3881 1241 3943 quae
1262 3878 1335 3942 par·

166 3966 240 4031 vula
260 3971 330 4030 erat
358 3964 481 4046 (μικρὸς
502 3962 667 4044 αὐλίσκος)
694 3965 733 4028 05
762 3983 891 4045 eamque
918 3981 1042 4029 causam
1070 3969 1174 4026 acuta.
1215 3964 1247 4025 in
1271 3979 1335 4025 ma-

168 4066 286 4130 ioribus
318 4081 442 4145 quoque
472 4063 557 4128 tibiis
587 4065 798 4129 acutissimam
826 4083 971 4128 sonorum
999 4063 1156 4144 regionem
1178 4060 1237 4124 hac
1258 4079 1335 4126 voce

168 4164 338 4233 indicatam
359 4181 428 4228 esse
449 4163 522 4227 inde
542 4163 695 4248 suspicari
715 4164 797 4245 licet,
818 4164 900 4250 quod
922 4163 1090 4229 scholiasta
1111 4162 1164 4226 Ar.
1183 4161 1258 4224 Ach.
1273 4166 1333 4226 555
