3244 4976
850 365 892 427 40

284 541 413 621 fundat,
443 541 544 624 qualis
574 542 706 606 canendi
738 542 847 608 modus
879 560 973 623 quam
1003 541 1229 606 diversissimus
1256 545 1304 604 est
1334 555 1452 603 avera

285 643 455 706 carminum
478 644 543 706 01110
566 642 679 706 indole.
730 643 861 707 aoedum
883 649 989 706 autem
1014 641 1066 705 ubi
1089 640 1222 720 agebat,
1245 658 1304 704 non
1327 644 1452 720 poterat

285 741 344 805 0101
377 740 454 806 fides
484 760 736 807 commemorare.
790 742 883 806 simili
915 743 952 806 de
980 759 1091 821 causa,
1127 740 1179 804 ubi
1209 740 1288 804 artis
1318 741 1453 804 musicae

284 840 435 904 maiestas
465 841 590 905 deorum
620 841 812 905 audientium
841 848 932 907 coctu
956 840 1152 921 depingendo
1173 840 1359 904 illustranda
1383 844 1453 903 0101

285 939 390 1021 (Pyth.
407 938 541 1022 1‚1sq.),
564 940 660 1004 solius
679 941 873 1021 phormlngis
894 941 1011 1004 mentio
1033 939 1100 1003 11011
1122 945 1259 1020 poterat,
1281 940 1354 1019 quia
1375 937 1453 1002 haec

285 1041 386 1120 imago
416 1040 455 1104 ab
486 1041 592 1120 epicae
620 1042 734 1104 aetatis
763 1041 864 1120 poetis
892 1039 1034 1119 profecta
1057 1046 1120 1119 est,
1152 1039 1206 1122 qui
1226 1057 1352 1103 suorum
1375 1044 1453 1102 tem-

285 1159 396 1221 porum
425 1140 679 1204 consuetudinem
710 1141 739 1203 in
771 1139 933 1220 Olympum
967 1139 1159 1204 clelerebant.
1212 1139 1357 1206 tibiarum
1384 1157 1454 1203 con-

286 1247 407 1305 centum
426 1239 507 1304 hanc
524 1240 563 1304 ob
582 1258 748 1310 causamn
769 1238 935 1319 magnifico
954 1239 1006 1303 illo
1018 1239 1147 1302 Pindari
1165 1239 1301 1304 carmine
1318 1239 1453 1303 alienum

285 1342 423 1405 iudicare
445 1359 549 1404 merae
573 1340 760 1404 temeritatis
783 1346 841 1404 est.

368 1439 500 1504 Semotis
535 1446 638 1504 autem
671 1439 762 1504 huius
795 1439 919 1518 generis
957 1437 1034 1501 locis
1070 1437 1156 1501 haud
1193 1439 1284 1518 pauci
1321 1444 1455 1518 restant,

287 1540 399 1622 quibus
421 1559 494 1604 vera
515 1541 685 1604 carminum
706 1539 823 1602 indoles
845 1539 1016 1618 respicitur.
1060 1538 1145 1602 velut
1168 1539 1203 1604 0.
1217 1543 1273 1619 3,8
1296 1537 1457 1622 φόρμιγγά

286 1663 322 1702 τε
352 1638 579 1722 ποικιλόγαρυν
607 1641 661 1702 καὶ
692 1639 777 1721 βοάν
808 1637 918 1701 aalide
947 1639 1054 1700 ἐπέων
1081 1660 1117 1699 τε
1139 1642 1238 1702 θέσιν
1261 1645 1457 1720 συμμίσγειν

288 1758 356 1803 0000
376 1739 531 1803 Pindarus
558 1738 734 1820 profitetur.
783 1739 824 1802 ad
847 1736 884 1801 Ο.
905 1739 923 1802 3
946 1738 1043 1817 igitur
1065 1737 1157 1802 ambo
1179 1739 1457 1804 instrumentorum

287 1857 402 1919 genera
432 1837 713 1920 consonuerunt1).
762 1837 815 1900 sed
844 1856 882 1901 ne
912 1837 1087 1901 huiusmodi
1115 1836 1242 1919 quidem
1270 1838 1345 1902 locis
1373 1840 1456 1917 inde,

290 1940 373 2020 quod
391 1939 520 2002 alterius
536 1943 661 2002 tantum
680 1939 796 2002 mentio
815 1937 879 2016 fiat,
900 1937 962 2001 ullo
979 1938 1046 2001 iure
1064 1936 1311 2017 concludiposse
1323 1939 1459 2004 alterum

290 2040 405 2105 afuisse
427 2057 464 2103 ex
486 2039 516 2103 N
535 2043 552 2102 3
572 2038 698 2119 efficiaS,
722 2038 773 2102 ubi
789 2056 818 2102 v.
838 2043 869 2100 ll
894 2037 1040 2115 legimus:
1061 2033 1174 2118 εὕμνον
1193 2039 1329 2100 νεανιῶν·
1350 2037 1460 2120 ὀάροις

289 2140 371 2224 λύρᾳ
399 2162 435 2201 τε
463 2137 675 2220 κοινάσομαά,
705 2159 733 2203 v.
755 2141 792 2200 76
815 2143 937 2202 aulem:
968 2137 1039 2217 ts'yai
1065 2137 1143 2201 τόδε
1171 2145 1294 2218 πέμποι
1315 2174 1353 2182 -
1375 2137 1457 2220 πόμ’

289 2239 442 2320 άοίδιμον
464 2238 617 2321 Αἰολῇσιν
645 2239 681 2301 ἐν
711 2243 864 2301 πνοαῖσιν
892 2237 1018 2302 αὐλῶν’.
1071 2255 1173 2318 neque
1202 2238 1284 2300 enim
1313 2238 1457 2303 consulto

290 2340 445 2403 Pindarus
469 2339 748 2402 instrumentorum
772 2339 1094 2401 commemorationem
1113 2338 1158 2401 ita
1176 2337 1336 2401 diremisse
1353 2339 1460 2402 existi-

291 2439 424 2503 mandus
450 2444 514 2519 est,
543 2444 579 2500 ut
601 2437 705 2501 collati
728 2437 851 2501 demum
873 2437 932 2502 loci
956 2441 1137 2500 accuratum
1159 2438 1368 2501 testimonium
1392 2437 1459 2502 eili-

291 2543 414 2616 cerent,
444 2537 498 2600 sed
521 2557 605 2601 10010
628 2555 703 2600 0000
725 2537 808 2601 10101
837 2555 870 2600 00
891 2537 1047 2616 supplent.
1090 2536 1195 2615 itaque
1217 2555 1299 2617 quae
1322 2537 1460 2602 Geraert

292 2639 406 2702 statuit
430 2637 608 2701 discrimina
633 2635 720 2700 nihili
743 2643 817 2700 sunt
840 2654 949 2717 neque,
971 2635 996 2698 01
1019 2635 1087 2715 quis
1109 2635 1218 2699 credat
1239 2636 1316 2701 nulli
1332 2637 1459 2702 Pindari

291 2737 419 2801 carmini
451 2755 512 2800 non
535 2741 567 2799 01
591 2734 667 2798 fides
689 2742 721 2799 01
743 2736 837 2800 tibias
859 2736 984 2800 additas
1006 2753 1091 2816 esse,
1120 2736 1188 2816 ipsa
1212 2735 1343 2800 Pindari
1364 2739 1459 2802 verba

292 2842 403 2899 contra
426 2835 505 2900 hanc
527 2836 715 2900 seutentiam
737 2833 843 2898 afferri
864 2840 1006 2915 possunt.

375 2935 470 2998 lmmo
499 2935 530 2998 10
558 2935 696 3015 0111010110
719 2933 844 3017 quidem
875 2953 935 2997 000
965 2933 1171 3014 singularem,
1205 2934 1259 2997 sed
1282 2935 1460 3000 sollemnem

292 3033 387 3098 luisse
411 3035 690 3098 instrumentorum
714 3035 947 3098 coniunctorum
972 3033 1350 3114 00000101000111000,
1381 3053 1461 3116 quae

293 3134 330 3199 Ο.
354 3140 382 3212 7,
408 3135 502 3215 llsq.
524 3153 584 3198 000
612 3134 649 3197 de
670 3152 731 3197 uno
754 3134 812 3198 hoc
834 3133 982 3212 carmine,
1004 3133 1058 3196 sed
1082 3132 1119 3196 de
1141 3133 1286 3197 universa
1308 3136 1460 3199 victorum

292 3233 384 3297 laude
405 3233 642 3314 praedicantur:
665 3229 792 3314 ιάλλοιεΙ
815 3229 956 3296 δ’άλλον
969 3231 1147 3295 ἐποπτεύει
1166 3230 1259 3313 χάρις
1279 3233 1463 3316 ζωθάλμιος

292 3332 452 3414 άδομελεῑ
469 3343 473 3408 Ι
492 3331 591 3414 θάμα
602 3337 663 3414 μὲν
675 3333 823 3414 φόρμιγγι
835 3332 1054 3416 παμφώνοισί
1065 3333 1092 3393 τ’
1107 3333 1142 3394 ἐν
1157 3335 1284 3395 ἔντεσιν
1300 3333 1460 3414 αὐλοῖνη).

294 3527 410 3582 0110111110
436 3530 545 3582 tantum
570 3526 698 3582 videntur
723 3527 765 3582 usi
791 3546 855 3583 0000.
896 3529 930 3582 01,
953 3547 977 3583 1.
996 3529 1051 3583 Jan
1069 3529 1164 3598 Progr.
1183 3529 1374 3598 Saargemiind
1395 3529 1460 3584 1882

294 3632 321 3682 p.
342 3613 382 3668 13.
417 3613 454 3667 id.
476 3613 558 3668 Verh.
578 3615 604 3668 d.
625 3614 684 3668 Ziir.
704 3614 775 3668 Phil.
795 3631 864 3669 vers.
884 3614 973 3684 Leipa.
994 3615 1060 3669 1887
1080 3633 1106 3684 p.
1123 3615 1167 3669 79.

365 3700 391 3768 1)
411 3700 502 3754 nescio
521 3718 575 3768 quo
593 3701 652 3754 iure
672 3719 694 3754 1.
714 3701 767 3754 Jan
785 3701 879 3771 (Verh.
898 3702 924 3754 d.
943 3702 1002 3756 Ziir.
1022 3701 1092 3756 Phil.
1112 3718 1180 3755 vers.
1200 3718 1226 3769 p.
1245 3700 1290 3770 89)
1310 3701 1462 3756 contendat

295 3785 469 3840 abhorruisse
489 3787 607 3842 Graecos
628 3806 644 3840 a
663 3787 829 3842 diversorum
849 3787 1098 3841 instrumentorum
1118 3790 1258 3841 concentu.

365 3872 391 3941 2)
410 3873 514 3926 etenim
532 3875 624 3926 totum
643 3873 695 3928 hoc
711 3873 823 3928 initium
842 3873 871 3926 in
890 3873 1018 3928 universa
1035 3872 1215 3942 epiniciorum
1234 3871 1309 3942 poesi
1328 3873 1464 3934 versatur,

295 3957 330 4010 ad
349 3974 458 4011 causam
477 3962 647 4027 praesentem
666 3960 735 4013 v.13
754 3960 864 4013 demum
884 3959 974 4013 verbis
994 3965 1042 4027 ,καί
1061 3961 1111 4010 ruv'
1129 3957 1271 4013 transitur.
1306 3957 1380 4026 quod
1398 3973 1464 4024 quo-

296 4043 386 4097 minus
413 4047 541 4098 accurate
565 4048 759 4114 cognoscetur,
786 4045 864 4098 obest
889 4062 940 4098 1011
967 4045 1179 4112 ,1101110008
1216 4043 1311 4097 Dissen
1331 4043 1464 4096 adnotat:

296 4146 360 4206 ι1100
381 4146 488 4198 semper
506 4131 590 4186 missa
608 4148 665 4186 esse
683 4134 813 4196 carmina,
834 4132 880 4186 sed
898 4131 1037 4186 interdum
1059 4130 1142 4184 etiam
1163 4129 1253 4202 ipsum
1273 4129 1384 4184 affuisse
1402 4127 1464 4185 Pin-
