<?xml version="1.0" encoding="UTF-8"?>
<!DOCTYPE html PUBLIC "-//W3C//DTD XHTML 1.0 Transitional//EN"
    "http://www.w3.org/TR/xhtml1/DTD/xhtml1-transitional.dtd">
<html xmlns="http://www.w3.org/1999/xhtml" xml:lang="en" lang="en">
 <head>
  <title>
</title>
<meta http-equiv="Content-Type" content="text/html;charset=utf-8" />
  <meta name='ocr-system' content='tesseract 3.04.00' />
  <meta name='ocr-capabilities' content='ocr_page ocr_carea ocr_par ocr_line ocrx_word'/>
</head>
<body>
  <div class='ocr_page' id='page_1' title='image "./degraecourmvete00grafgoog_0059.png"; bbox 0 0 3244 4976; ppageno 0'>
   <div class='ocr_carea' id='block_1_1' title="bbox 707 328 746 394">
    <p class='ocr_par' dir='ltr' id='par_1_1' title="bbox 707 328 746 394">
     <span class='ocr_line' id='line_1_1' title="bbox 707 328 746 394; baseline -0.051 0"><span class='ocrx_word' id='word_1_1' title='bbox 707 328 746 394; x_wconf 84' lang='lat'>51</span> 
     </span>
    </p>
   </div>
   <div class='ocr_carea' id='block_1_2' title="bbox 145 506 1337 4176">
    <p class='ocr_par' dir='ltr' id='par_1_2' title="bbox 145 506 1322 2293">
     <span class='ocr_line' id='line_1_2' title="bbox 228 506 1311 599; baseline 0.012 -27"><span class='ocrx_word' id='word_1_2' title='bbox 228 508 270 574; x_wconf 86' lang='lat' dir='ltr'>At</span> <span class='ocrx_word' id='word_1_3' title='bbox 291 506 434 588; x_wconf 89' lang='lat' dir='ltr'>fuerunt,</span> <span class='ocrx_word' id='word_1_4' title='bbox 465 509 520 592; x_wconf 89' lang='lat' dir='ltr'>qui</span> <span class='ocrx_word' id='word_1_5' title='bbox 544 509 612 574; x_wconf 89' lang='lat' dir='ltr'>aliis</span> <span class='ocrx_word' id='word_1_6' title='bbox 642 514 835 591; x_wconf 82' lang='lat' dir='ltr'>argumentis</span> <span class='ocrx_word' id='word_1_7' title='bbox 864 513 940 578; x_wconf 91' lang='lat' dir='ltr'>illud</span> <span class='ocrx_word' id='word_1_8' title='bbox 964 514 1002 577; x_wconf 92' lang='lat' dir='ltr'>de</span> <span class='ocrx_word' id='word_1_9' title='bbox 1025 515 1198 596; x_wconf 87' lang='lat' dir='ltr'>coryphaeo</span> <span class='ocrx_word' id='word_1_10' title='bbox 1221 536 1311 599; x_wconf 90' lang='lat' dir='ltr'>prae-</span> 
     </span>
     <span class='ocr_line' id='line_1_3' title="bbox 145 607 1311 693; baseline 0.011 -23"><span class='ocrx_word' id='word_1_11' title='bbox 145 607 267 672; x_wconf 90' lang='lat' dir='ltr'>cinente</span> <span class='ocrx_word' id='word_1_12' title='bbox 276 609 485 674; x_wconf 91' lang='lat' dir='ltr'>testimonium</span> <span class='ocrx_word' id='word_1_13' title='bbox 494 607 669 673; x_wconf 89' lang='lat' dir='ltr'>confirmari</span> <span class='ocrx_word' id='word_1_14' title='bbox 677 612 847 676; x_wconf 89' lang='lat' dir='ltr'>crederent.</span> <span class='ocrx_word' id='word_1_15' title='bbox 863 615 1311 693; x_wconf 87' lang='lat' dir='ltr'>parumconsiderateBoeckh</span> 
     </span>
     <span class='ocr_line' id='line_1_4' title="bbox 145 708 1312 799; baseline 0.012 -29"><span class='ocrx_word' id='word_1_16' title='bbox 145 708 220 790; x_wconf 84' lang='lat' dir='ltr'>egit,</span> <span class='ocrx_word' id='word_1_17' title='bbox 239 709 292 789; x_wconf 87' lang='lat' dir='ltr'>qui</span> <span class='ocrx_word' id='word_1_18' title='bbox 308 709 466 788; x_wconf 90' lang='lat' dir='ltr'>(demetr.</span> <span class='ocrx_word' id='word_1_19' title='bbox 482 709 571 774; x_wconf 92' lang='lat' dir='ltr'>Pind.</span> <span class='ocrx_word' id='word_1_20' title='bbox 586 729 615 791; x_wconf 91' lang='lat' dir='ltr'>p.</span> <span class='ocrx_word' id='word_1_21' title='bbox 627 711 717 790; x_wconf 70' lang='lat' dir='ltr'>biiii:</span> <span class='ocrx_word' id='word_1_22' title='bbox 740 712 833 795; x_wconf 59' lang='lat' dir='ltr'>,quod</span> <span class='ocrx_word' id='word_1_23' title='bbox 846 713 972 796; x_wconf 89' lang='lat' dir='ltr'>cantus&#39;,</span> <span class='ocrx_word' id='word_1_24' title='bbox 992 715 1093 798; x_wconf 88' lang='lat' dir='ltr'>inquit</span> <span class='ocrx_word' id='word_1_25' title='bbox 1110 719 1232 799; x_wconf 86' lang='lat' dir='ltr'>praeit,</span> <span class='ocrx_word' id='word_1_26' title='bbox 1247 765 1312 784; x_wconf 84' lang='lat'><strong>....</strong></span> 
     </span>
     <span class='ocr_line' id='line_1_5' title="bbox 146 805 1313 900; baseline 0.01 -31"><span class='ocrx_word' id='word_1_27' title='bbox 146 805 205 871; x_wconf 91' lang='lat' dir='ltr'>hoc</span> <span class='ocrx_word' id='word_1_28' title='bbox 226 807 343 874; x_wconf 88' lang='lat' dir='ltr'>lactum</span> <span class='ocrx_word' id='word_1_29' title='bbox 366 827 425 874; x_wconf 91' lang='lat' dir='ltr'>usu</span> <span class='ocrx_word' id='word_1_30' title='bbox 445 810 584 890; x_wconf 91' lang='lat' dir='ltr'>antiquo,</span> <span class='ocrx_word' id='word_1_31' title='bbox 607 813 642 874; x_wconf 93' lang='lat' dir='ltr'>ut</span> <span class='ocrx_word' id='word_1_32' title='bbox 663 828 730 892; x_wconf 88' lang='lat' dir='ltr'>cap.</span> <span class='ocrx_word' id='word_1_33' title='bbox 747 811 791 876; x_wconf 88' lang='lat' dir='ltr'>lll</span> <span class='ocrx_word' id='word_1_34' title='bbox 811 813 1023 880; x_wconf 85' lang='lat' dir='ltr'>demonstravi</span> <span class='ocrx_word' id='word_1_35' title='bbox 1027 863 1113 880; x_wconf 88' lang='grc'><strong>.....</strong></span> <span class='ocrx_word' id='word_1_36' title='bbox 1149 817 1224 882; x_wconf 91' lang='lat' dir='ltr'>mihi</span> <span class='ocrx_word' id='word_1_37' title='bbox 1247 818 1313 900; x_wconf 88' lang='lat' dir='ltr'>qui-</span> 
     </span>
     <span class='ocr_line' id='line_1_6' title="bbox 146 906 1313 999; baseline 0.012 -31"><span class='ocrx_word' id='word_1_38' title='bbox 146 906 219 972; x_wconf 89' lang='lat' dir='ltr'>dem</span> <span class='ocrx_word' id='word_1_39' title='bbox 247 914 364 973; x_wconf 91' lang='lat' dir='ltr'>certum</span> <span class='ocrx_word' id='word_1_40' title='bbox 389 916 439 973; x_wconf 89' lang='lat' dir='ltr'>est</span> <span class='ocrx_word' id='word_1_41' title='bbox 468 909 565 990; x_wconf 90' lang='lat' dir='ltr'>ipsius</span> <span class='ocrx_word' id='word_1_42' title='bbox 585 909 711 976; x_wconf 91' lang='lat' dir='ltr'>Pindari</span> <span class='ocrx_word' id='word_1_43' title='bbox 735 912 815 976; x_wconf 91' lang='lat' dir='ltr'>hanc</span> <span class='ocrx_word' id='word_1_44' title='bbox 842 931 911 978; x_wconf 88' lang='lat' dir='ltr'>esse</span> <span class='ocrx_word' id='word_1_45' title='bbox 933 914 1112 998; x_wconf 84' lang='lat' dir='ltr'>melodiam,</span> <span class='ocrx_word' id='word_1_46' title='bbox 1140 923 1207 981; x_wconf 90' lang='lat' dir='ltr'>tum</span> <span class='ocrx_word' id='word_1_47' title='bbox 1229 918 1313 999; x_wconf 88' lang='lat' dir='ltr'>quod</span> 
     </span>
     <span class='ocr_line' id='line_1_7' title="bbox 146 1009 1315 1096; baseline 0.009 -26"><span class='ocrx_word' id='word_1_48' title='bbox 146 1024 184 1070; x_wconf 87' lang='lat' dir='ltr'>ex</span> <span class='ocrx_word' id='word_1_49' title='bbox 206 1014 313 1072; x_wconf 92' lang='lat' dir='ltr'>vetere</span> <span class='ocrx_word' id='word_1_50' title='bbox 335 1009 570 1088; x_wconf 87' lang='lat' dir='ltr'>consuetudine,</span> <span class='ocrx_word' id='word_1_51' title='bbox 590 1028 673 1093; x_wconf 88' lang='lat' dir='ltr'>quae</span> <span class='ocrx_word' id='word_1_52' title='bbox 697 1011 769 1075; x_wconf 92' lang='lat' dir='ltr'>inde</span> <span class='ocrx_word' id='word_1_53' title='bbox 791 1031 810 1077; x_wconf 94' lang='lat' dir='ltr'>a</span> <span class='ocrx_word' id='word_1_54' title='bbox 832 1013 984 1078; x_wconf 90' lang='lat' dir='ltr'>Pratiuae</span> <span class='ocrx_word' id='word_1_55' title='bbox 1006 1015 1198 1096; x_wconf 85' lang='lat' dir='ltr'>temporibus</span> <span class='ocrx_word' id='word_1_56' title='bbox 1221 1016 1315 1081; x_wconf 90' lang='lat' dir='ltr'>obso-</span> 
     </span>
     <span class='ocr_line' id='line_1_8' title="bbox 147 1106 1315 1206; baseline 0.009 -36"><span class='ocrx_word' id='word_1_57' title='bbox 147 1106 261 1172; x_wconf 87' lang='lat' dir='ltr'>levisse</span> <span class='ocrx_word' id='word_1_58' title='bbox 281 1108 434 1188; x_wconf 87' lang='lat' dir='ltr'>paulatim</span> <span class='ocrx_word' id='word_1_59' title='bbox 458 1109 600 1190; x_wconf 88' lang='lat' dir='ltr'>videtur,</span> <span class='ocrx_word' id='word_1_60' title='bbox 623 1128 682 1174; x_wconf 83' lang='lat' dir='ltr'>vox</span> <span class='ocrx_word' id='word_1_61' title='bbox 705 1112 818 1194; x_wconf 87' lang='lat' dir='ltr'>praeit,</span> <span class='ocrx_word' id='word_1_62' title='bbox 841 1114 1051 1206; x_wconf 81' lang='lat' dir='ltr'>instrumenta</span> <span class='ocrx_word' id='word_1_63' title='bbox 1073 1115 1204 1195; x_wconf 88' lang='lat' dir='ltr'>posthac</span> <span class='ocrx_word' id='word_1_64' title='bbox 1226 1132 1315 1181; x_wconf 88' lang='lat' dir='ltr'>acce·</span> 
     </span>
     <span class='ocr_line' id='line_1_9' title="bbox 148 1206 1314 1295; baseline 0.007 -24"><span class='ocrx_word' id='word_1_65' title='bbox 148 1206 246 1291; x_wconf 91' lang='lat' dir='ltr'>dunt,</span> <span class='ocrx_word' id='word_1_66' title='bbox 273 1214 340 1273; x_wconf 91' lang='lat' dir='ltr'>tum</span> <span class='ocrx_word' id='word_1_67' title='bbox 370 1210 454 1291; x_wconf 90' lang='lat' dir='ltr'>quod</span> <span class='ocrx_word' id='word_1_68' title='bbox 484 1210 596 1274; x_wconf 92' lang='lat' dir='ltr'>chorus</span> <span class='ocrx_word' id='word_1_69' title='bbox 625 1229 692 1275; x_wconf 88' lang='lat' dir='ltr'>curn</span> <span class='ocrx_word' id='word_1_70' title='bbox 722 1211 851 1276; x_wconf 83' lang='lat' dir='ltr'>citharis</span> <span class='ocrx_word' id='word_1_71' title='bbox 875 1218 939 1277; x_wconf 90' lang='lat' dir='ltr'>tam</span> <span class='ocrx_word' id='word_1_72' title='bbox 967 1213 1078 1278; x_wconf 93' lang='lat' dir='ltr'>idoneo</span> <span class='ocrx_word' id='word_1_73' title='bbox 1107 1213 1176 1279; x_wconf 92' lang='lat' dir='ltr'>loco</span> <span class='ocrx_word' id='word_1_74' title='bbox 1207 1216 1314 1295; x_wconf 84' lang='lat' dir='ltr'>incipit</span> 
     </span>
     <span class='ocr_line' id='line_1_10' title="bbox 148 1309 1318 1396; baseline 0.005 -23"><span class='ocrx_word' id='word_1_75' title='bbox 148 1309 306 1374; x_wconf 83' lang='lat' dir='ltr'>accinere’.</span> <span class='ocrx_word' id='word_1_76' title='bbox 339 1309 422 1393; x_wconf 93' lang='lat' dir='ltr'>quod</span> <span class='ocrx_word' id='word_1_77' title='bbox 442 1311 468 1373; x_wconf 88' lang='lat' dir='ltr'>si</span> <span class='ocrx_word' id='word_1_78' title='bbox 486 1327 554 1390; x_wconf 88' lang='lat' dir='ltr'>cap.</span> <span class='ocrx_word' id='word_1_79' title='bbox 568 1309 613 1374; x_wconf 88' lang='lat' dir='ltr'>XI</span> <span class='ocrx_word' id='word_1_80' title='bbox 632 1311 811 1392; x_wconf 86' lang='lat' dir='ltr'>evolvimus,</span> <span class='ocrx_word' id='word_1_81' title='bbox 832 1311 981 1378; x_wconf 89' lang='lat' dir='ltr'>Pratinae</span> <span class='ocrx_word' id='word_1_82' title='bbox 1004 1315 1112 1379; x_wconf 87' lang='lat' dir='ltr'>verba:</span> <span class='ocrx_word' id='word_1_83' title='bbox 1135 1314 1164 1396; x_wconf 64' lang='grc' dir='ltr'>,ὁ</span> <span class='ocrx_word' id='word_1_84' title='bbox 1177 1314 1207 1376; x_wconf 79' lang='grc' dir='ltr'>δ’</span> <span class='ocrx_word' id='word_1_85' title='bbox 1221 1313 1318 1391; x_wconf 78' lang='grc' dir='ltr'><strong><em>αὐλὸς</em></strong></span> 
     </span>
     <span class='ocr_line' id='line_1_11' title="bbox 148 1407 1317 1497; baseline 0.009 -25"><span class='ocrx_word' id='word_1_86' title='bbox 148 1407 288 1492; x_wconf 75' lang='grc' dir='ltr'><strong><em>ὕστεραι</em></strong></span> <span class='ocrx_word' id='word_1_87' title='bbox 309 1409 475 1491; x_wconf 74' lang='grc' dir='ltr'><strong><em>χορεοένοί</em></strong></span> <span class='ocrx_word' id='word_1_88' title='bbox 496 1408 687 1486; x_wconf 70' lang='lat' dir='ltr'>offerentum</span> <span class='ocrx_word' id='word_1_89' title='bbox 710 1412 884 1492; x_wconf 89' lang='lat' dir='ltr'>quasivero</span> <span class='ocrx_word' id='word_1_90' title='bbox 905 1412 936 1476; x_wconf 93' lang='lat' dir='ltr'>id</span> <span class='ocrx_word' id='word_1_91' title='bbox 953 1413 1099 1480; x_wconf 87' lang='lat' dir='ltr'>Pratinas</span> <span class='ocrx_word' id='word_1_92' title='bbox 1118 1422 1246 1497; x_wconf 89' lang='lat' dir='ltr'>questus</span> <span class='ocrx_word' id='word_1_93' title='bbox 1266 1418 1317 1496; x_wconf 90' lang='lat' dir='ltr'>sit,</span> 
     </span>
     <span class='ocr_line' id='line_1_12' title="bbox 149 1510 1316 1594; baseline 0.004 -19"><span class='ocrx_word' id='word_1_94' title='bbox 149 1511 235 1591; x_wconf 92' lang='lat' dir='ltr'>quod</span> <span class='ocrx_word' id='word_1_95' title='bbox 257 1511 398 1575; x_wconf 84' lang='lat' dir='ltr'>tibicines</span> <span class='ocrx_word' id='word_1_96' title='bbox 417 1510 531 1575; x_wconf 85' lang='lat' dir='ltr'>vellent</span> <span class='ocrx_word' id='word_1_97' title='bbox 549 1511 710 1590; x_wconf 89' lang='lat' dir='ltr'>praeludia</span> <span class='ocrx_word' id='word_1_98' title='bbox 730 1529 851 1576; x_wconf 88' lang='lat' dir='ltr'>canere.</span> <span class='ocrx_word' id='word_1_99' title='bbox 887 1513 969 1594; x_wconf 89' lang='lat' dir='ltr'>quod</span> <span class='ocrx_word' id='word_1_100' title='bbox 990 1523 1096 1580; x_wconf 87' lang='lat' dir='ltr'>autern</span> <span class='ocrx_word' id='word_1_101' title='bbox 1114 1515 1154 1579; x_wconf 92' lang='lat' dir='ltr'>ad</span> <span class='ocrx_word' id='word_1_102' title='bbox 1174 1517 1316 1582; x_wconf 91' lang='lat' dir='ltr'>idoneum</span> 
     </span>
     <span class='ocr_line' id='line_1_13' title="bbox 148 1612 1317 1697; baseline 0.004 -21"><span class='ocrx_word' id='word_1_103' title='bbox 148 1612 251 1676; x_wconf 93' lang='lat' dir='ltr'>locum</span> <span class='ocrx_word' id='word_1_104' title='bbox 273 1612 405 1689; x_wconf 86' lang='lat' dir='ltr'>attinet,</span> <span class='ocrx_word' id='word_1_105' title='bbox 432 1612 607 1675; x_wconf 89' lang='lat' dir='ltr'>contrarius</span> <span class='ocrx_word' id='word_1_106' title='bbox 629 1612 736 1692; x_wconf 89' lang='lat' dir='ltr'>potius</span> <span class='ocrx_word' id='word_1_107' title='bbox 758 1631 833 1677; x_wconf 89' lang='lat' dir='ltr'>nsus</span> <span class='ocrx_word' id='word_1_108' title='bbox 855 1613 985 1678; x_wconf 91' lang='lat' dir='ltr'>Pindari</span> <span class='ocrx_word' id='word_1_109' title='bbox 1005 1614 1107 1678; x_wconf 86' lang='lat' dir='ltr'>verbis</span> <span class='ocrx_word' id='word_1_110' title='bbox 1136 1617 1317 1697; x_wconf 88' lang='lat' dir='ltr'>respicitur;</span> 
     </span>
     <span class='ocr_line' id='line_1_14' title="bbox 149 1710 1320 1794; baseline 0.007 -20"><span class='ocrx_word' id='word_1_111' title='bbox 149 1730 224 1776; x_wconf 91' lang='lat' dir='ltr'>nam</span> <span class='ocrx_word' id='word_1_112' title='bbox 247 1715 426 1794; x_wconf 76' lang='grc' dir='ltr'><strong><em>προοιμίων</em></strong></span> <span class='ocrx_word' id='word_1_113' title='bbox 445 1710 595 1792; x_wconf 60' lang='lat' dir='ltr'>duploide</span> <span class='ocrx_word' id='word_1_114' title='bbox 614 1710 722 1775; x_wconf 90' lang='lat' dir='ltr'>fidium</span> <span class='ocrx_word' id='word_1_115' title='bbox 739 1712 902 1792; x_wconf 90' lang='lat' dir='ltr'>praeludia</span> <span class='ocrx_word' id='word_1_116' title='bbox 922 1712 1099 1793; x_wconf 83' lang='lat' dir='ltr'>significare</span> <span class='ocrx_word' id='word_1_117' title='bbox 1114 1716 1178 1780; x_wconf 89' lang='lat' dir='ltr'>veri</span> <span class='ocrx_word' id='word_1_118' title='bbox 1201 1716 1320 1782; x_wconf 89' lang='lat' dir='ltr'>similli-</span> 
     </span>
     <span class='ocr_line' id='line_1_15' title="bbox 150 1812 1320 1895; baseline 0.002 -19"><span class='ocrx_word' id='word_1_119' title='bbox 150 1830 235 1876; x_wconf 91' lang='lat' dir='ltr'>mum</span> <span class='ocrx_word' id='word_1_120' title='bbox 261 1816 321 1876; x_wconf 89' lang='lat' dir='ltr'>est.</span> <span class='ocrx_word' id='word_1_121' title='bbox 363 1817 464 1888; x_wconf 84' lang='lat' dir='ltr'>certe,</span> <span class='ocrx_word' id='word_1_122' title='bbox 493 1812 614 1876; x_wconf 88' lang='lat' dir='ltr'>etiamsi</span> <span class='ocrx_word' id='word_1_123' title='bbox 637 1829 704 1875; x_wconf 92' lang='lat' dir='ltr'>cum</span> <span class='ocrx_word' id='word_1_124' title='bbox 727 1812 882 1877; x_wconf 88' lang='lat' dir='ltr'>Boeckhio</span> <span class='ocrx_word' id='word_1_125' title='bbox 914 1817 1071 1895; x_wconf 85' lang='grc' dir='ltr'><strong><em>προοίμια</em></strong></span> <span class='ocrx_word' id='word_1_126' title='bbox 1100 1814 1203 1894; x_wconf 91' lang='lat' dir='ltr'>ipsum</span> <span class='ocrx_word' id='word_1_127' title='bbox 1234 1814 1320 1879; x_wconf 90' lang='lat' dir='ltr'>chori</span> 
     </span>
     <span class='ocr_line' id='line_1_16' title="bbox 150 1910 1321 1994; baseline 0.001 -18"><span class='ocrx_word' id='word_1_128' title='bbox 150 1916 278 1976; x_wconf 88' lang='lat' dir='ltr'>cantum</span> <span class='ocrx_word' id='word_1_129' title='bbox 308 1918 340 1976; x_wconf 92' lang='lat' dir='ltr'>et</span> <span class='ocrx_word' id='word_1_130' title='bbox 368 1910 518 1994; x_wconf 68' lang='lat' dir='ltr'>appara</span> <span class='ocrx_word' id='word_1_131' title='bbox 546 1911 666 1992; x_wconf 87' lang='lat' dir='ltr'>primos</span> <span class='ocrx_word' id='word_1_132' title='bbox 694 1910 833 1976; x_wconf 88' lang='lat' dir='ltr'>citharae</span> <span class='ocrx_word' id='word_1_133' title='bbox 866 1929 960 1977; x_wconf 88' lang='lat' dir='ltr'>sonos</span> <span class='ocrx_word' id='word_1_134' title='bbox 991 1931 1060 1977; x_wconf 87' lang='lat' dir='ltr'>curn</span> <span class='ocrx_word' id='word_1_135' title='bbox 1091 1914 1221 1979; x_wconf 90' lang='lat' dir='ltr'>vocibus</span> <span class='ocrx_word' id='word_1_136' title='bbox 1250 1932 1321 1978; x_wconf 87' lang='lat' dir='ltr'>con·</span> 
     </span>
     <span class='ocr_line' id='line_1_17' title="bbox 150 2012 1321 2096; baseline 0.001 -20"><span class='ocrx_word' id='word_1_137' title='bbox 150 2013 273 2076; x_wconf 89' lang='lat' dir='ltr'>iunctos</span> <span class='ocrx_word' id='word_1_138' title='bbox 306 2012 542 2092; x_wconf 82' lang='lat' dir='ltr'>interpreteris,</span> <span class='ocrx_word' id='word_1_139' title='bbox 571 2029 729 2093; x_wconf 89' lang='lat' dir='ltr'>nunquam</span> <span class='ocrx_word' id='word_1_140' title='bbox 761 2019 866 2077; x_wconf 90' lang='lat' dir='ltr'>tamen</span> <span class='ocrx_word' id='word_1_141' title='bbox 888 2017 1068 2094; x_wconf 81' lang='grc' dir='ltr'><strong><em>προοιμίων</em></strong></span> <span class='ocrx_word' id='word_1_142' title='bbox 1089 2012 1255 2096; x_wconf 70' lang='lat' dir='ltr'>maroam</span> <span class='ocrx_word' id='word_1_143' title='bbox 1282 2014 1321 2077; x_wconf 93' lang='lat' dir='ltr'>de</span> 
     </span>
     <span class='ocr_line' id='line_1_18' title="bbox 151 2112 1322 2193; baseline 0 -17"><span class='ocrx_word' id='word_1_144' title='bbox 151 2112 266 2178; x_wconf 84' lang='lat' dir='ltr'>fidibus</span> <span class='ocrx_word' id='word_1_145' title='bbox 305 2112 496 2192; x_wconf 88' lang='lat' dir='ltr'>aliquamdiu</span> <span class='ocrx_word' id='word_1_146' title='bbox 532 2118 605 2192; x_wconf 88' lang='lat' dir='ltr'>post</span> <span class='ocrx_word' id='word_1_147' title='bbox 643 2112 748 2193; x_wconf 86' lang='lat' dir='ltr'>hymni</span> <span class='ocrx_word' id='word_1_148' title='bbox 785 2113 906 2176; x_wconf 92' lang='lat' dir='ltr'>initium</span> <span class='ocrx_word' id='word_1_149' title='bbox 938 2113 1150 2178; x_wconf 88' lang='lat' dir='ltr'>accinentibus</span> <span class='ocrx_word' id='word_1_150' title='bbox 1190 2113 1322 2193; x_wconf 80' lang='lat' dir='ltr'>intelligi</span> 
     </span>
     <span class='ocr_line' id='line_1_19' title="bbox 152 2216 295 2293; baseline -0.014 -17"><span class='ocrx_word' id='word_1_151' title='bbox 152 2216 295 2293; x_wconf 87' lang='lat' dir='ltr'>possunt.</span> 
     </span>
    </p>

    <p class='ocr_par' dir='ltr' id='par_1_3' title="bbox 153 2309 1337 4176">
     <span class='ocr_line' id='line_1_20' title="bbox 236 2309 1323 2392; baseline 0.001 -18"><span class='ocrx_word' id='word_1_152' title='bbox 236 2310 296 2374; x_wconf 89' lang='lat' dir='ltr'>Sed</span> <span class='ocrx_word' id='word_1_153' title='bbox 320 2315 424 2374; x_wconf 91' lang='lat' dir='ltr'>cetera</span> <span class='ocrx_word' id='word_1_154' title='bbox 445 2309 574 2374; x_wconf 91' lang='lat' dir='ltr'>Pindari</span> <span class='ocrx_word' id='word_1_155' title='bbox 594 2311 734 2375; x_wconf 87' lang='lat' dir='ltr'>carmina</span> <span class='ocrx_word' id='word_1_156' title='bbox 758 2311 906 2376; x_wconf 88' lang='lat' dir='ltr'>adeunda</span> <span class='ocrx_word' id='word_1_157' title='bbox 927 2315 1011 2375; x_wconf 90' lang='lat' dir='ltr'>sunt.</span> <span class='ocrx_word' id='word_1_158' title='bbox 1054 2311 1177 2376; x_wconf 83' lang='lat' dir='ltr'>Croiset</span> <span class='ocrx_word' id='word_1_159' title='bbox 1195 2312 1239 2392; x_wconf 87' lang='lat' dir='ltr'>(p.</span> <span class='ocrx_word' id='word_1_160' title='bbox 1259 2310 1323 2389; x_wconf 65' lang='lat'>92),</span> 
     </span>
     <span class='ocr_line' id='line_1_21' title="bbox 155 2409 1327 2494; baseline -0.001 -20"><span class='ocrx_word' id='word_1_161' title='bbox 155 2413 210 2494; x_wconf 89' lang='lat' dir='ltr'>qui</span> <span class='ocrx_word' id='word_1_162' title='bbox 240 2411 319 2475; x_wconf 92' lang='lat' dir='ltr'>solet</span> <span class='ocrx_word' id='word_1_163' title='bbox 341 2409 379 2473; x_wconf 90' lang='lat' dir='ltr'>de</span> <span class='ocrx_word' id='word_1_164' title='bbox 409 2410 588 2476; x_wconf 87' lang='lat' dir='ltr'>huiusmodi</span> <span class='ocrx_word' id='word_1_165' title='bbox 616 2410 709 2475; x_wconf 90' lang='lat' dir='ltr'>rebus</span> <span class='ocrx_word' id='word_1_166' title='bbox 734 2411 982 2492; x_wconf 89' lang='lat' dir='ltr'>prudentissime</span> <span class='ocrx_word' id='word_1_167' title='bbox 1011 2411 1167 2493; x_wconf 85' lang='lat' dir='ltr'>iudicare,</span> <span class='ocrx_word' id='word_1_168' title='bbox 1196 2411 1236 2476; x_wconf 87' lang='lat' dir='ltr'>N.</span> <span class='ocrx_word' id='word_1_169' title='bbox 1257 2411 1327 2487; x_wconf 88' lang='lat' dir='ltr'>3‚to</span> 
     </span>
     <span class='ocr_line' id='line_1_22' title="bbox 153 2509 1328 2592; baseline -0.002 -18"><span class='ocrx_word' id='word_1_170' title='bbox 153 2510 280 2590; x_wconf 84' lang='lat' dir='ltr'>laudat,</span> <span class='ocrx_word' id='word_1_171' title='bbox 303 2510 426 2574; x_wconf 89' lang='lat' dir='ltr'>Disseni</span> <span class='ocrx_word' id='word_1_172' title='bbox 449 2511 595 2574; x_wconf 86' lang='lat' dir='ltr'>nimirum</span> <span class='ocrx_word' id='word_1_173' title='bbox 619 2511 807 2574; x_wconf 90' lang='lat' dir='ltr'>sententiam</span> <span class='ocrx_word' id='word_1_174' title='bbox 830 2511 1009 2592; x_wconf 88' lang='lat' dir='ltr'>amplexus,</span> <span class='ocrx_word' id='word_1_175' title='bbox 1031 2510 1082 2590; x_wconf 83' lang='lat' dir='ltr'>qui</span> <span class='ocrx_word' id='word_1_176' title='bbox 1104 2509 1250 2574; x_wconf 90' lang='lat' dir='ltr'>hocloco</span> <span class='ocrx_word' id='word_1_177' title='bbox 1273 2527 1328 2572; x_wconf 91' lang='lat' dir='ltr'>no·</span> 
     </span>
     <span class='ocr_line' id='line_1_23' title="bbox 154 2608 1328 2676; baseline -0.002 -2"><span class='ocrx_word' id='word_1_178' title='bbox 154 2611 239 2675; x_wconf 87' lang='lat' dir='ltr'>tulae</span> <span class='ocrx_word' id='word_1_179' title='bbox 269 2611 361 2674; x_wconf 91' lang='lat' dir='ltr'>istius</span> <span class='ocrx_word' id='word_1_180' title='bbox 392 2611 604 2676; x_wconf 89' lang='lat' dir='ltr'>testimonium</span> <span class='ocrx_word' id='word_1_181' title='bbox 633 2609 811 2674; x_wconf 91' lang='lat' dir='ltr'>confirmari</span> <span class='ocrx_word' id='word_1_182' title='bbox 840 2609 949 2674; x_wconf 87' lang='lat' dir='ltr'>credit.</span> <span class='ocrx_word' id='word_1_183' title='bbox 1002 2609 1092 2673; x_wconf 93' lang='lat' dir='ltr'>initio</span> <span class='ocrx_word' id='word_1_184' title='bbox 1123 2608 1203 2672; x_wconf 92' lang='lat' dir='ltr'>enim</span> <span class='ocrx_word' id='word_1_185' title='bbox 1237 2608 1328 2673; x_wconf 93' lang='lat' dir='ltr'>huius</span> 
     </span>
     <span class='ocr_line' id='line_1_24' title="bbox 153 2706 1329 2790; baseline -0.003 -16"><span class='ocrx_word' id='word_1_186' title='bbox 153 2711 301 2774; x_wconf 86' lang='lat' dir='ltr'>carminis</span> <span class='ocrx_word' id='word_1_187' title='bbox 320 2709 476 2774; x_wconf 87' lang='lat' dir='ltr'>Pindarus</span> <span class='ocrx_word' id='word_1_188' title='bbox 508 2727 528 2772; x_wconf 91' lang='lat' dir='ltr'>a</span> <span class='ocrx_word' id='word_1_189' title='bbox 551 2708 642 2772; x_wconf 86' lang='lat' dir='ltr'>Musa</span> <span class='ocrx_word' id='word_1_190' title='bbox 665 2710 762 2790; x_wconf 90' lang='lat' dir='ltr'>petit,</span> <span class='ocrx_word' id='word_1_191' title='bbox 789 2714 825 2773; x_wconf 93' lang='lat' dir='ltr'>ut</span> <span class='ocrx_word' id='word_1_192' title='bbox 846 2709 998 2789; x_wconf 84' lang='lat' dir='ltr'>Aeginam</span> <span class='ocrx_word' id='word_1_193' title='bbox 1027 2726 1061 2772; x_wconf 90' lang='lat' dir='ltr'>se</span> <span class='ocrx_word' id='word_1_194' title='bbox 1089 2706 1246 2786; x_wconf 88' lang='lat' dir='ltr'>conferat,</span> <span class='ocrx_word' id='word_1_195' title='bbox 1274 2707 1329 2771; x_wconf 93' lang='lat' dir='ltr'>ubi</span> 
     </span>
     <span class='ocr_line' id='line_1_25' title="bbox 154 2805 1329 2888; baseline -0.003 -15"><span class='ocrx_word' id='word_1_196' title='bbox 154 2811 302 2873; x_wconf 89' lang='lat' dir='ltr'>iuvenum</span> <span class='ocrx_word' id='word_1_197' title='bbox 328 2809 441 2873; x_wconf 83' lang='lat' dir='ltr'>chorus</span> <span class='ocrx_word' id='word_1_198' title='bbox 464 2827 568 2874; x_wconf 87' lang='lat' dir='ltr'>vocem</span> <span class='ocrx_word' id='word_1_199' title='bbox 592 2809 659 2872; x_wconf 91' lang='lat' dir='ltr'>eius</span> <span class='ocrx_word' id='word_1_200' title='bbox 688 2812 858 2888; x_wconf 85' lang='lat' dir='ltr'>exspectet</span> <span class='ocrx_word' id='word_1_201' title='bbox 902 2807 1013 2872; x_wconf 91' lang='lat' dir='ltr'>deinde</span> <span class='ocrx_word' id='word_1_202' title='bbox 1035 2827 1065 2871; x_wconf 86' lang='lat' dir='ltr'>v.</span> <span class='ocrx_word' id='word_1_203' title='bbox 1091 2810 1129 2871; x_wconf 91' lang='lat'>10</span> <span class='ocrx_word' id='word_1_204' title='bbox 1152 2805 1239 2871; x_wconf 89' lang='lat' dir='ltr'>iubet</span> <span class='ocrx_word' id='word_1_205' title='bbox 1260 2825 1329 2872; x_wconf 90' lang='lat' dir='ltr'>earn</span> 
     </span>
     <span class='ocr_line' id='line_1_26' title="bbox 155 2905 1330 2989; baseline -0.003 -18"><span class='ocrx_word' id='word_1_206' title='bbox 155 2909 292 2988; x_wconf 87' lang='lat' dir='ltr'>incipere</span> <span class='ocrx_word' id='word_1_207' title='bbox 321 2908 466 2989; x_wconf 89' lang='lat' dir='ltr'>hymnum</span> <span class='ocrx_word' id='word_1_208' title='bbox 495 2915 527 2972; x_wconf 92' lang='lat' dir='ltr'>et</span> <span class='ocrx_word' id='word_1_209' title='bbox 553 2909 672 2989; x_wconf 85' lang='lat' dir='ltr'>pergit:</span> <span class='ocrx_word' id='word_1_210' title='bbox 708 2907 779 2989; x_wconf 65' lang='grc' dir='ltr'><strong><em>,ἐμοὶ</em></strong></span> <span class='ocrx_word' id='word_1_211' title='bbox 808 2908 847 2970; x_wconf 77' lang='grc' dir='ltr'>δὲ</span> <span class='ocrx_word' id='word_1_212' title='bbox 873 2913 988 2977; x_wconf 79' lang='grc' dir='ltr'><strong><em>κείνων</em></strong></span> <span class='ocrx_word' id='word_1_213' title='bbox 1015 2915 1054 2970; x_wconf 80' lang='grc' dir='ltr'>ιε’</span> <span class='ocrx_word' id='word_1_214' title='bbox 1078 2929 1129 2969; x_wconf 91' lang='grc' dir='ltr'>νιν</span> <span class='ocrx_word' id='word_1_215' title='bbox 1158 2905 1241 2988; x_wconf 87' lang='lat' dir='ltr'>(scil.</span> <span class='ocrx_word' id='word_1_216' title='bbox 1270 2905 1330 2968; x_wconf 83' lang='grc' dir='ltr'><strong><em>νόν</em></strong></span> 
     </span>
     <span class='ocr_line' id='line_1_27' title="bbox 155 3002 1328 3091; baseline 0 -21"><span class='ocrx_word' id='word_1_217' title='bbox 155 3005 277 3089; x_wconf 68' lang='grc' dir='ltr'><strong><em>ὕμνον)</em></strong></span> <span class='ocrx_word' id='word_1_218' title='bbox 315 3006 425 3088; x_wconf 78' lang='grc' dir='ltr'><strong><em>ὀάροις</em></strong></span> <span class='ocrx_word' id='word_1_219' title='bbox 461 3004 544 3091; x_wconf 75' lang='grc' dir='ltr'><strong><em>λύρᾳ</em></strong></span> <span class='ocrx_word' id='word_1_220' title='bbox 577 3030 613 3069; x_wconf 78' lang='grc' dir='ltr'>τε</span> <span class='ocrx_word' id='word_1_221' title='bbox 647 3006 843 3088; x_wconf 77' lang='grc' dir='ltr'><strong><em>κοινάσομαι</em></strong></span> <span class='ocrx_word' id='word_1_222' title='bbox 879 3006 970 3090; x_wconf 86' lang='grc' dir='ltr'><strong><em>(κοίν’</em></strong></span> <span class='ocrx_word' id='word_1_223' title='bbox 1008 3005 1165 3086; x_wconf 74' lang='grc' dir='ltr'><strong><em>ἀείσομαι</em></strong></span> <span class='ocrx_word' id='word_1_224' title='bbox 1190 3002 1328 3087; x_wconf 82' lang='lat' dir='ltr'>Bergk)’.</span> 
     </span>
     <span class='ocr_line' id='line_1_28' title="bbox 155 3102 1331 3186; baseline -0.003 -17"><span class='ocrx_word' id='word_1_225' title='bbox 155 3104 262 3170; x_wconf 86' lang='lat' dir='ltr'>facere</span> <span class='ocrx_word' id='word_1_226' title='bbox 291 3125 350 3170; x_wconf 93' lang='lat' dir='ltr'>non</span> <span class='ocrx_word' id='word_1_227' title='bbox 372 3125 514 3186; x_wconf 83' lang='lat' dir='ltr'>possum,</span> <span class='ocrx_word' id='word_1_228' title='bbox 545 3107 618 3186; x_wconf 92' lang='lat' dir='ltr'>quin</span> <span class='ocrx_word' id='word_1_229' title='bbox 643 3106 767 3169; x_wconf 87' lang='lat' dir='ltr'>Disseni</span> <span class='ocrx_word' id='word_1_230' title='bbox 796 3107 891 3171; x_wconf 90' lang='lat' dir='ltr'>verba</span> <span class='ocrx_word' id='word_1_231' title='bbox 911 3104 1055 3185; x_wconf 85' lang='lat' dir='ltr'>afferam,</span> <span class='ocrx_word' id='word_1_232' title='bbox 1086 3122 1154 3168; x_wconf 91' lang='lat' dir='ltr'>curn</span> <span class='ocrx_word' id='word_1_233' title='bbox 1176 3102 1331 3168; x_wconf 83' lang='lat' dir='ltr'>adnecte</span> 
     </span>
     <span class='ocr_line' id='line_1_29' title="bbox 156 3202 1331 3285; baseline -0.003 -15"><span class='ocrx_word' id='word_1_234' title='bbox 156 3205 354 3270; x_wconf 90' lang='lat' dir='ltr'>iudicandam</span> <span class='ocrx_word' id='word_1_235' title='bbox 365 3205 495 3270; x_wconf 90' lang='lat' dir='ltr'>Pindari</span> <span class='ocrx_word' id='word_1_236' title='bbox 509 3206 682 3270; x_wconf 90' lang='lat' dir='ltr'>orationem</span> <span class='ocrx_word' id='word_1_237' title='bbox 703 3206 829 3270; x_wconf 82' lang='lat' dir='ltr'>maximi</span> <span class='ocrx_word' id='word_1_238' title='bbox 841 3206 988 3270; x_wconf 86' lang='lat' dir='ltr'>momenti</span> <span class='ocrx_word' id='word_1_239' title='bbox 1005 3205 1078 3268; x_wconf 93' lang='lat' dir='ltr'>sint.</span> <span class='ocrx_word' id='word_1_240' title='bbox 1114 3220 1192 3285; x_wconf 70' lang='lat' dir='ltr'>tmeo</span> <span class='ocrx_word' id='word_1_241' title='bbox 1208 3202 1331 3266; x_wconf 88' lang='lat' dir='ltr'>iudicio’</span> 
     </span>
     <span class='ocr_line' id='line_1_30' title="bbox 158 3302 1332 3385; baseline -0.002 -17"><span class='ocrx_word' id='word_1_242' title='bbox 158 3304 261 3385; x_wconf 87' lang='lat' dir='ltr'>inquit</span> <span class='ocrx_word' id='word_1_243' title='bbox 283 3305 331 3385; x_wconf 86' lang='lat' dir='ltr'>(in</span> <span class='ocrx_word' id='word_1_244' title='bbox 355 3303 504 3368; x_wconf 87' lang='lat' dir='ltr'>Boeckhii</span> <span class='ocrx_word' id='word_1_245' title='bbox 528 3305 665 3368; x_wconf 90' lang='lat' dir='ltr'>editione</span> <span class='ocrx_word' id='word_1_246' title='bbox 690 3303 719 3366; x_wconf 90' lang='lat' dir='ltr'>ll</span> <span class='ocrx_word' id='word_1_247' title='bbox 744 3307 772 3382; x_wconf 84' lang='lat'>2,</span> <span class='ocrx_word' id='word_1_248' title='bbox 795 3322 826 3384; x_wconf 89' lang='lat' dir='ltr'>p.</span> <span class='ocrx_word' id='word_1_249' title='bbox 845 3305 919 3384; x_wconf 80' lang='lat'><strong>365)</strong></span> <span class='ocrx_word' id='word_1_250' title='bbox 942 3303 1004 3385; x_wconf 73' lang='lat' dir='ltr'>,qui</span> <span class='ocrx_word' id='word_1_251' title='bbox 1026 3302 1166 3368; x_wconf 86' lang='lat' dir='ltr'>dicebat:</span> <span class='ocrx_word' id='word_1_252' title='bbox 1187 3319 1244 3382; x_wconf 80' lang='lat' dir='ltr'>ego</span> <span class='ocrx_word' id='word_1_253' title='bbox 1268 3305 1332 3366; x_wconf 91' lang='lat' dir='ltr'>tra-</span> 
     </span>
     <span class='ocr_line' id='line_1_31' title="bbox 158 3400 1332 3484; baseline -0.002 -17"><span class='ocrx_word' id='word_1_254' title='bbox 158 3405 230 3468; x_wconf 87' lang='lat' dir='ltr'>dam</span> <span class='ocrx_word' id='word_1_255' title='bbox 252 3404 397 3483; x_wconf 86' lang='lat' dir='ltr'>hymnum</span> <span class='ocrx_word' id='word_1_256' title='bbox 426 3403 548 3467; x_wconf 90' lang='lat' dir='ltr'>illorum</span> <span class='ocrx_word' id='word_1_257' title='bbox 572 3402 715 3468; x_wconf 89' lang='lat' dir='ltr'>cantibus</span> <span class='ocrx_word' id='word_1_258' title='bbox 738 3407 770 3467; x_wconf 93' lang='lat' dir='ltr'>et</span> <span class='ocrx_word' id='word_1_259' title='bbox 790 3403 892 3484; x_wconf 84' lang='lat' dir='ltr'>lyrae,</span> <span class='ocrx_word' id='word_1_260' title='bbox 925 3403 1087 3466; x_wconf 89' lang='lat' dir='ltr'>etiamtum</span> <span class='ocrx_word' id='word_1_261' title='bbox 1108 3402 1148 3481; x_wconf 85' lang='lat' dir='ltr'>(v.</span> <span class='ocrx_word' id='word_1_262' title='bbox 1174 3401 1224 3481; x_wconf 80' lang='lat'>11)</span> <span class='ocrx_word' id='word_1_263' title='bbox 1247 3400 1332 3465; x_wconf 90' lang='lat' dir='ltr'>solus</span> 
     </span>
     <span class='ocr_line' id='line_1_32' title="bbox 158 3500 1332 3582; baseline -0.003 -15"><span class='ocrx_word' id='word_1_264' title='bbox 158 3503 293 3567; x_wconf 85' lang='lat' dir='ltr'>canebat</span> <span class='ocrx_word' id='word_1_265' title='bbox 317 3519 372 3566; x_wconf 86' lang='lat' dir='ltr'>nec</span> <span class='ocrx_word' id='word_1_266' title='bbox 395 3502 455 3566; x_wconf 87' lang='lat' dir='ltr'>nisi</span> <span class='ocrx_word' id='word_1_267' title='bbox 474 3506 547 3582; x_wconf 92' lang='lat' dir='ltr'>post</span> <span class='ocrx_word' id='word_1_268' title='bbox 569 3501 652 3566; x_wconf 89' lang='lat' dir='ltr'>hunc</span> <span class='ocrx_word' id='word_1_269' title='bbox 673 3502 772 3565; x_wconf 90' lang='lat' dir='ltr'>locum</span> <span class='ocrx_word' id='word_1_270' title='bbox 794 3501 925 3566; x_wconf 89' lang='lat' dir='ltr'>accessit</span> <span class='ocrx_word' id='word_1_271' title='bbox 946 3501 1033 3566; x_wconf 92' lang='lat' dir='ltr'>chori</span> <span class='ocrx_word' id='word_1_272' title='bbox 1055 3505 1088 3564; x_wconf 91' lang='lat' dir='ltr'>et</span> <span class='ocrx_word' id='word_1_273' title='bbox 1108 3500 1195 3580; x_wconf 88' lang='lat' dir='ltr'>lyrae</span> <span class='ocrx_word' id='word_1_274' title='bbox 1210 3507 1332 3564; x_wconf 85' lang='lat' dir='ltr'>cantus</span> 
     </span>
     <span class='ocr_line' id='line_1_33' title="bbox 158 3598 1336 3684; baseline -0.006 -17"><span class='ocrx_word' id='word_1_275' title='bbox 158 3619 305 3684; x_wconf 86' lang='lat' dir='ltr'>compara</span> <span class='ocrx_word' id='word_1_276' title='bbox 325 3601 398 3664; x_wconf 89' lang='lat' dir='ltr'>nihi</span> <span class='ocrx_word' id='word_1_277' title='bbox 421 3601 523 3665; x_wconf 87' lang='lat' dir='ltr'>locum</span> <span class='ocrx_word' id='word_1_278' title='bbox 550 3601 586 3665; x_wconf 89' lang='lat' dir='ltr'>O.</span> <span class='ocrx_word' id='word_1_279' title='bbox 599 3600 685 3678; x_wconf 80' lang='lat' dir='ltr'>l,17:</span> <span class='ocrx_word' id='word_1_280' title='bbox 704 3598 800 3681; x_wconf 65' lang='grc' dir='ltr'>ςοἷίιλιιὲ</span> <span class='ocrx_word' id='word_1_281' title='bbox 819 3605 950 3682; x_wconf 83' lang='grc' dir='ltr'><strong><em>Δωρίαν</em></strong></span> <span class='ocrx_word' id='word_1_282' title='bbox 971 3599 1042 3662; x_wconf 75' lang='grc' dir='ltr'>α’πό</span> <span class='ocrx_word' id='word_1_283' title='bbox 1065 3598 1228 3681; x_wconf 82' lang='grc' dir='ltr'><strong><em>φόρμιγγα</em></strong></span> <span class='ocrx_word' id='word_1_284' title='bbox 1249 3615 1336 3660; x_wconf 85' lang='grc' dir='ltr'><strong><em>πασ-</em></strong></span> 
     </span>
     <span class='ocr_line' id='line_1_34' title="bbox 161 3695 1335 3783; baseline -0.008 -17"><span class='ocrx_word' id='word_1_285' title='bbox 161 3702 264 3767; x_wconf 79' lang='grc' dir='ltr'><strong><em>σάίοο</em></strong></span> <span class='ocrx_word' id='word_1_286' title='bbox 292 3699 462 3783; x_wconf 60' lang='grc' dir='ltr'><strong><em>λάμβανέ.</em></strong></span> <span class='ocrx_word' id='word_1_287' title='bbox 508 3701 612 3782; x_wconf 88' lang='lat' dir='ltr'>inepte</span> <span class='ocrx_word' id='word_1_288' title='bbox 639 3699 684 3763; x_wconf 93' lang='lat' dir='ltr'>ibi</span> <span class='ocrx_word' id='word_1_289' title='bbox 715 3698 862 3764; x_wconf 83' lang='lat' dir='ltr'>dixisset:</span> <span class='ocrx_word' id='word_1_290' title='bbox 893 3717 988 3778; x_wconf 65' lang='lat' dir='ltr'>,sume</span> <span class='ocrx_word' id='word_1_291' title='bbox 1016 3695 1186 3776; x_wconf 87' lang='lat' dir='ltr'>citharam&#39;,</span> <span class='ocrx_word' id='word_1_292' title='bbox 1216 3695 1243 3760; x_wconf 93' lang='lat' dir='ltr'>si</span> <span class='ocrx_word' id='word_1_293' title='bbox 1274 3696 1335 3758; x_wconf 91' lang='lat' dir='ltr'>iarn</span> 
     </span>
     <span class='ocr_line' id='line_1_35' title="bbox 159 3794 1335 3880; baseline -0.007 -16"><span class='ocrx_word' id='word_1_294' title='bbox 159 3802 325 3864; x_wconf 85' lang='lat' dir='ltr'>sonuisset.</span> <span class='ocrx_word' id='word_1_295' title='bbox 370 3806 482 3879; x_wconf 85' lang='lat' dir='ltr'>erunt,</span> <span class='ocrx_word' id='word_1_296' title='bbox 514 3799 569 3880; x_wconf 87' lang='lat' dir='ltr'>qui</span> <span class='ocrx_word' id='word_1_297' title='bbox 596 3799 702 3863; x_wconf 91' lang='lat' dir='ltr'>dicant</span> <span class='ocrx_word' id='word_1_298' title='bbox 731 3798 893 3863; x_wconf 89' lang='lat' dir='ltr'>molestius</span> <span class='ocrx_word' id='word_1_299' title='bbox 922 3815 941 3862; x_wconf 91' lang='lat' dir='ltr'>a</span> <span class='ocrx_word' id='word_1_300' title='bbox 966 3796 1057 3861; x_wconf 91' lang='lat' dir='ltr'>nobis</span> <span class='ocrx_word' id='word_1_301' title='bbox 1087 3795 1186 3876; x_wconf 90' lang='lat' dir='ltr'>premi</span> <span class='ocrx_word' id='word_1_302' title='bbox 1209 3794 1335 3858; x_wconf 88' lang='lat' dir='ltr'>Pindari</span> 
     </span>
     <span class='ocr_line' id='line_1_36' title="bbox 160 3895 1336 3980; baseline -0.005 -18"><span class='ocrx_word' id='word_1_303' title='bbox 160 3900 256 3965; x_wconf 90' lang='lat' dir='ltr'>verba</span> <span class='ocrx_word' id='word_1_304' title='bbox 272 3948 405 3965; x_wconf 88' lang='grc'><strong>......</strong></span> <span class='ocrx_word' id='word_1_305' title='bbox 460 3899 581 3980; x_wconf 88' lang='lat' dir='ltr'>decepti</span> <span class='ocrx_word' id='word_1_306' title='bbox 610 3898 742 3962; x_wconf 89' lang='lat' dir='ltr'>lectione</span> <span class='ocrx_word' id='word_1_307' title='bbox 776 3897 901 3962; x_wconf 87' lang='lat' dir='ltr'>Horatii</span> <span class='ocrx_word' id='word_1_308' title='bbox 937 3895 1144 3976; x_wconf 79' lang='lat' dir='ltr'>similiumque</span> <span class='ocrx_word' id='word_1_309' title='bbox 1171 3897 1336 3975; x_wconf 90' lang='lat' dir='ltr'>poetarum</span> 
     </span>
     <span class='ocr_line' id='line_1_37' title="bbox 162 3993 1337 4081; baseline -0.007 -17"><span class='ocrx_word' id='word_1_310' title='bbox 162 4001 319 4081; x_wconf 83' lang='lat' dir='ltr'>coepimus</span> <span class='ocrx_word' id='word_1_311' title='bbox 355 4000 433 4062; x_wconf 86' lang='lat' dir='ltr'>talia</span> <span class='ocrx_word' id='word_1_312' title='bbox 466 3998 579 4079; x_wconf 87' lang='lat' dir='ltr'>ubique</span> <span class='ocrx_word' id='word_1_313' title='bbox 614 4015 670 4078; x_wconf 86' lang='lat' dir='ltr'>pro</span> <span class='ocrx_word' id='word_1_314' title='bbox 704 3996 849 4060; x_wconf 88' lang='lat' dir='ltr'>inanibus</span> <span class='ocrx_word' id='word_1_315' title='bbox 885 3996 1048 4078; x_wconf 90' lang='lat' dir='ltr'>phrasibus</span> <span class='ocrx_word' id='word_1_316' title='bbox 1081 4000 1114 4058; x_wconf 91' lang='lat' dir='ltr'>et</span> <span class='ocrx_word' id='word_1_317' title='bbox 1144 3993 1337 4056; x_wconf 87' lang='lat' dir='ltr'>ornamentis</span> 
     </span>
     <span class='ocr_line' id='line_1_38' title="bbox 164 4092 1335 4176; baseline -0.008 -14"><span class='ocrx_word' id='word_1_318' title='bbox 164 4099 279 4163; x_wconf 87' lang='lat' dir='ltr'>habere</span> <span class='ocrx_word' id='word_1_319' title='bbox 302 4149 309 4163; x_wconf 92' lang='lat'>.</span> <span class='ocrx_word' id='word_1_320' title='bbox 330 4147 337 4162; x_wconf 91' lang='lat'><strong><em>.</em></strong></span> <span class='ocrx_word' id='word_1_321' title='bbox 359 4148 394 4162; x_wconf 94' lang='lat'>..</span> <span class='ocrx_word' id='word_1_322' title='bbox 428 4099 458 4161; x_wconf 91' lang='lat' dir='ltr'>in</span> <span class='ocrx_word' id='word_1_323' title='bbox 487 4097 535 4160; x_wconf 85' lang='lat' dir='ltr'>his</span> <span class='ocrx_word' id='word_1_324' title='bbox 564 4096 772 4176; x_wconf 84' lang='lat' dir='ltr'>carminibus,</span> <span class='ocrx_word' id='word_1_325' title='bbox 805 4112 886 4176; x_wconf 89' lang='lat' dir='ltr'>quae</span> <span class='ocrx_word' id='word_1_326' title='bbox 915 4113 987 4159; x_wconf 89' lang='lat' dir='ltr'>vere</span> <span class='ocrx_word' id='word_1_327' title='bbox 1015 4092 1237 4158; x_wconf 87' lang='lat' dir='ltr'>canebantur.</span> <span class='ocrx_word' id='word_1_328' title='bbox 1263 4139 1270 4155; x_wconf 89' lang='lat'><strong>.</strong></span> <span class='ocrx_word' id='word_1_329' title='bbox 1292 4135 1335 4167; x_wconf 88' lang='lat'>..,</span> 
     </span>
    </p>
   </div>
   <div class='ocr_carea' id='block_1_3' title="bbox 1169 4220 1201 4274">
    <p class='ocr_par' dir='ltr' id='par_1_4' title="bbox 1169 4220 1201 4274">
     <span class='ocr_line' id='line_1_39' title="bbox 1169 4220 1201 4274; baseline 0 -22"><span class='ocrx_word' id='word_1_330' title='bbox 1169 4220 1201 4274; x_wconf 64' lang='grc'>4*</span> 
     </span>
    </p>
   </div>
   <div class='ocr_carea' id='block_1_4' title="bbox 0 0 1651 4976">
    <p class='ocr_par' dir='ltr' id='par_1_5' title="bbox 0 0 1651 4976">
     <span class='ocr_line' id='line_1_40' title="bbox 0 0 1651 4976; baseline 0 0"><span class='ocrx_word' id='word_1_331' title='bbox 0 0 1651 4976; x_wconf 95' lang='lat' dir='ltr'> </span> 
     </span>
    </p>
   </div>
  </div>
 </body>
</html>
