3244 4976
746 365 788 430 57

272 539 448 622 Coryphaei
475 540 569 606 fuisse
596 540 725 604 canendi
753 541 876 620 signum
907 540 1000 604 choro
1030 538 1075 602 ita
1103 538 1197 619 dare,
1227 543 1261 602 ut
1283 540 1350 620 ipse

189 638 295 722 aliqua
324 640 536 720 praecineret,
563 659 600 704 ex
630 641 771 720 vestigiis
793 636 949 703 nonnullis
970 637 1117 717 colligere
1138 636 1219 702 licet.
1266 639 1353 704 velut

189 756 240 819 ap.
261 738 312 802 Ps.
335 737 458 804 aristot.
480 738 521 803 de
541 740 659 804 mundo
682 757 708 806 c.
725 741 744 804 6
766 737 885 822 (Bergk
906 737 979 803 hist.
997 737 1058 802 litt.
1075 737 1130 817 111,
1145 737 1196 821 79)
1218 737 1352 819 legitur:

187 837 348 921 καθάπερ
386 838 422 902 ἐν
456 840 542 922 χορῷ
572 844 751 922 κορυφαίου
781 836 1003 918 κατάρξαντος
1032 841 1214 920 συνεπηχεῖ
1238 841 1306 911 πᾶς
1335 839 1354 901 δ

188 936 282 1021 χορός
303 985 387 1017 ....,
410 935 510 1011 οὕτως
533 941 597 1018 ἔχει
619 939 674 1001 καὶ
697 939 754 1002 ἐπὶ
776 941 835 1001 τοῦ
854 938 893 999 τδ
916 935 1054 1018 σύμπαν
1070 936 1241 1010 διέποντος
1258 939 1352 1000 θεοῦ·

189 1037 274 1100 κατδ
295 1037 356 1120 yolo
378 1037 417 1101 τδ
438 1032 572 1100 ἄνωθεν
595 1035 771 1119 ἐνδόσιμον
792 1043 850 1102 etc.
877 1037 960 1120 quod
983 1036 1075 1101 Plato
1097 1034 1232 1118 Euthyd.
1257 1036 1351 1100 276ss

189 1135 305 1216 (Bergk
317 1136 336 1201 l.
350 1135 384 1218 l.)
406 1137 497 1202 dicit:
521 1133 636 1218 ὥσπερ
656 1136 723 1200 dard
746 1135 946 1202 διδασκάλου
964 1135 1059 1218 χορδς
1079 1133 1354 1222 ἀποσημήναντος

189 1234 454 1318 διεθορύβησαν,
476 1237 605 1318 perinde
626 1238 666 1301 ad
687 1255 792 1302 vocem
815 1236 980 1320 coryphaei
1002 1235 1199 1300 referendum
1221 1236 1353 1321 videtur,

191 1337 227 1401 of.
248 1335 335 1402 Cass.
346 1336 406 1400 Dio
416 1338 467 1418 56,
481 1341 519 1400 35
542 1337 668 1418 (Friedl.
686 1336 891 1416 Sittengesch.
909 1336 1031 1401 111137
1053 1336 1126 1401 adn.
1140 1341 1187 1416 bl:
1211 1337 1291 1418 ἐμοῦ
1311 1338 1355 1401 νδ

190 1438 354 1524 κεφάλαια
377 1439 664 1520 α’ποσημαίνοντος
691 1436 745 1500 καὶ
773 1436 863 1519 ὑμῶν
883 1438 926 1499 aa?
948 1436 1048 1501 λοιποὶ
1072 1435 1354 1522 συνεπηχούνιάν.

191 1557 211 1604 a
235 1541 336 1604 Dione
364 1537 474 1620 Chrys,
496 1543 546 1619 56,
567 1545 585 1603 4
614 1535 804 1619 (l'riedlhnd.
828 1536 848 1601 l.
869 1537 889 1602 l.
913 1537 1086 1602 Volkmann
1111 1538 1191 1602 Plut.
1215 1538 1253 1602 de
1274 1556 1354 1603 mus.

192 1658 221 1721 p.
243 1641 314 1720 150)
342 1641 447 1720 χορῶν
466 1641 637 1720 κορυφαῖοι
659 1637 803 1701 dicuntur
826 1634 858 1699 οἱ
877 1642 1092 1719 σημαίνοντες
1112 1638 1166 1700 καὶ
1186 1637 1283 1719 μέλος
1303 1638 1355 1701 ἐν·

191 1738 347 1819 διδόντες,
365 1739 419 1803 ubi
434 1742 606 1821 σημαίνειν
620 1736 753 1801 fortasse
765 1735 920 1817 significat
934 1738 1083 1818 teorporis
1095 1745 1183 1802 motu
1194 1737 1355 1818 rythmum

193 1839 241 1902 val
263 1838 399 1903 saltandi
418 1837 536 1919 figuras
553 1836 687 1918 praeire’
708 1836 877 1923 (σχήματα
898 1836 1063 1899 ἐνδιδόναι
1083 1837 1172 1900 Dion.
1188 1836 1259 1903 Hal.
1276 1837 1355 1919 1.1.).

193 1957 264 2003 nam
293 1938 406 2020 duplex
434 1937 511 2002 illud
538 1937 625 2002 ducis
654 1935 788 2001 officium
820 1936 988 2002 Columella
1019 1954 1142 2018 quoque
1167 1954 1192 2001 r.
1217 1956 1243 2000 r.
1275 1941 1356 2019 12,2

194 2038 321 2120 (Friedl.
353 2039 373 2102 l.
399 2038 433 2118 l.)
463 2036 605 2119 respicit:
642 2036 702 2118 ‘ubi
736 2037 848 2101 chorus
879 2036 1056 2101 canentium
1089 2055 1152 2101 non
1184 2036 1223 2100 ad
1254 2043 1356 2103 certos

193 2139 301 2204 modos
330 2155 431 2221 neque
461 2137 597 2201 numeris
625 2137 807 2217 praeeuntis
827 2136 969 2217 magistri
990 2136 1154 2200 consentit’
1175 2143 1250 2218 etc,
1282 2137 1355 2201 item

195 2239 346 2304 Horatius
363 2237 383 2302 l.
400 2237 419 2302 l.
442 2236 605 2320 (Lesbium
624 2236 735 2318 pedem
754 2271 792 2281 -
808 2235 927 2317 pollicis
942 2236 1063 2312 ictum).
1109 2236 1165 2301 hoo
1186 2241 1358 2318 σημαίνειν

194 2356 250 2419 per
281 2343 382 2402 totum
411 2342 537 2402 cantum
566 2336 718 2417 pertinet3
748 2335 841 2401 simili
868 2336 993 2400 ratione
1014 2335 1253 2417 ὑποσημαίνειν
1279 2336 1356 2401 tibia

193 2437 382 2502 saltantibus
414 2435 527 2502 dicitnr
558 2454 577 2499 a
610 2435 802 2500 Philostrato
836 2435 935 2517 Apoll.
965 2454 995 2517 p.
1023 2435 1129 2499 14οΚ.
1162 2436 1230 2516 ipso
1262 2436 1355 2500 etiam

194 2539 288 2603 verbo
326 2535 491 2601 ἐνδιδόναι
524 2535 581 2600 hoc
617 2553 712 2601 sensu
750 2537 853 2601 utitur
886 2535 1091 2599 Philostratus
1127 2535 1228 2599 minor
1264 2536 1357 2616 imag.

193 2658 222 2721 p.
234 2643 294 2702 409
302 2637 351 2717 Κ.,
373 2655 442 2702 cum
463 2654 593 2718 puerum
616 2635 738 2700 cithara
755 2641 918 2701 canentem
935 2635 1027 2698 choro
1043 2635 1175 2716 ῥυθμόν
1191 2635 1358 2700 ἐνδιδόναι

195 2745 313 2804 narrat.
362 2735 561 2818 quamobrem
588 2735 669 2816 quod
698 2735 811 2800 Pollux
833 2735 892 2799 VlI
914 2738 953 2798 87
981 2738 1153 2816 κρουνιέζια
1181 2734 1276 2799 refert
1299 2759 1358 2798 πε-

195 2846 357 2922 ποιημένα
376 2836 420 2911 εἰς
439 2834 615 2917 ἐνδόσιμον
629 2838 737 2918 χοροῦ,
758 2834 869 2898 falsam
885 2833 987 2897 iudico
999 2832 1159 2898 Wieseleri
1171 2835 1358 2899 sententiam

194 2938 372 3003 inserviisse
393 2954 431 3000 ea
454 2936 611 3017 opinantis
632 2936 672 2999 ad
694 2936 817 3014 signum
837 2934 969 2998 canendi
993 2933 1131 2998 dandum
1155 2934 1358 3014 (Adversaris

194 3039 226 3103 in
248 3039 300 3102 Ar.
324 3038 405 3101 Aves
425 3054 455 3117 p.
474 3038 543 3116 18),
575 3053 642 3100 cum
671 3034 784 3098 Pollux
814 3034 912 3115 ipsius
940 3033 1117 3098 saltationis
1143 3035 1358 3114 percussiones

196 3137 288 3201 dicat.
333 3135 427 3217 μέλος
445 3153 519 3200 vero
541 3133 706 3198 ἐνδιδόναι
725 3151 786 3197 non
805 3138 935 3213 poterat
953 3132 1144 3216 coryphaeus
1163 3134 1222 3197 nisi
1239 3134 1358 3216 aliquos

195 3255 288 3302 sonos
307 3242 480 3301 ceterorum
502 3236 608 3301 cantui
627 3233 714 3299 solus
732 3235 945 3315 praemittens.
988 3233 1027 3296 de
1040 3232 1186 3297 eiusmodi
1199 3233 1359 3299 endosimo

196 3337 345 3401 Aelianus
367 3336 485 3416 cogitat
506 3335 590 3415 (hist.
613 3353 663 3398 an.
688 3335 736 3411 11,
751 3335 790 3412 1),
812 3351 881 3398 cum
903 3349 1014 3407 cycnos
1036 3332 1117 3413 apud
1140 3332 1359 3415 Hyperboreos

196 3436 378 3501 canentibus
401 3434 614 3499 sacerdotibus
636 3434 776 3497 occinere
795 3437 904 3496 narrat
921 3430 1072 3513 οὐδαμῶς
1088 3432 1217 3516 οὐδαμῇ
1234 3433 1360 3513 α’πηχές

194 3537 249 3598 καὶ
277 3535 415 3616 α’πῳδδν
443 3534 687 3615 μελῳδοῦντας,
717 3532 786 3597 ἄλλ’
811 3529 924 3614 ὥσπερ
955 3533 990 3594 ἐκ
1017 3535 1076 3595 τοῦ
1102 3531 1292 3615 χορολέκτου
1322 3533 1361 3596 τδ

195 3633 372 3718 ἐνδόσιμον
393 3633 565 3716 λαβόντας.
617 3633 746 3698 eandem
769 3632 919 3697 endosimi
948 3634 1102 3697 notionem
1125 3632 1252 3696 Maximi
1275 3632 1360 3714 Tyrii

196 3737 337 3801 narratio
359 3737 421 3816 [or.
443 3733 518 3816 7,7)
543 3737 683 3814 spectat:
714 3750 805 3811 aves,
835 3750 914 3813 quae
945 3733 975 3795 in
1006 3731 1097 3795 domo
1121 3730 1237 3795 tibicini
1260 3731 1361 3796 vicina

197 3842 312 3914 essent,
334 3834 449 3899 cotidie
472 3835 498 3897 ei
521 3832 678 3915 ἐπᾴδειν
699 3833 816 3911 solitae,
837 3838 997 3913 postremo
1019 3831 1158 3912 coepisse
1176 3829 1361 3911 α’ρξαμένου

197 3933 311 4000 αδλεῑν
341 3937 539 4016 συνεπηχεῖν
567 3933 649 4014 πρδς
676 3933 714 3995 τδ
743 3931 918 4014 ἐνδόσιμον
946 3932 1039 4013 δίκην
1066 3933 1175 4011 χοροῦ.
1227 3949 1299 3994 narn
1322 3930 1361 3994 ad

200 4035 297 4100 tibiae
318 4043 442 4099 cantum
467 4035 570 4098 avium
593 4050 682 4097 voces
705 4033 833 4114 perinde
852 4031 1007 4097 accedunt
1028 4036 1123 4111 atque
1142 4030 1303 4094 hominum
1320 4029 1361 4094 ad

197 4153 303 4200 vocem
330 4133 507 4215 coryphaei.
556 4133 681 4198 omnino
711 4130 825 4213 duplex
847 4138 895 4198 est
917 4130 1000 4196 vocis
1023 4129 1172 4195 endosimi
1195 4129 1258 4211 υἰε,
1288 4146 1361 4193 nam
