3244 4976
732 375 772 440 73

170 548 269 629 lyram
300 548 430 630 paribus
452 548 577 614 chordis
603 551 756 616 intentam
777 554 1021 618 vetustissimam
1044 554 1158 636 luisse,
1186 561 1335 637 quaeest

170 649 301 729 vulgata
325 649 515 714 Graecorum
538 651 658 732 opinio,
683 653 739 717 sed
761 655 859 717 multo
882 659 958 717 ante
981 654 1169 720 Graecorum
1192 660 1336 736 tempora

170 748 262 811 Asiae
300 749 484 830 populorum
522 751 731 815 instrumenta
766 753 938 834 imparibus
971 755 1093 818 intenta
1125 761 1199 819 uota
1230 755 1336 819 fuisse.

170 865 242 910 nam
272 849 305 912 in
333 849 381 912 his
411 850 596 930 gravissima
626 869 721 932 supra
744 858 864 917 ceteras
886 854 1037 918 ascendit.
1082 855 1281 935 quamohrem
1304 857 1335 919 in

171 949 224 1030 eia,
246 967 326 1030 qnae
343 948 537 1030 Porphyrius
555 950 602 1031 (p.
616 950 695 1032 217)
718 950 831 1017 refert:
854 953 1011 1034 tantiquos
1033 954 1156 1036 trigono
1174 971 1247 1019 usos
1267 973 1336 1020 esse

171 1049 293 1113 chordis
331 1050 488 1114 instructo
527 1050 720 1130 longitudine
759 1051 907 1134 diversis,
946 1053 1152 1118 crassitudine
1187 1054 1334 1134 paribus;

170 1154 281 1229 postea
314 1149 436 1213 demum
468 1150 628 1214 inventum
659 1169 726 1215 esse
755 1153 879 1233 parium
909 1151 1097 1217 chordarum
1128 1154 1336 1218 crassitudine

171 1248 363 1312 diversarum
389 1249 499 1328 usnm',
527 1249 554 1314 si
581 1268 641 1313 non
664 1251 912 1335 antiquissimam
936 1254 1132 1330 memoriam,
1160 1260 1195 1316 at
1216 1253 1335 1318 felicem

172 1348 236 1412 eius
258 1350 466 1413 coniecturam
484 1367 628 1432 agnosco,
650 1352 702 1432 qui
719 1352 844 1416 nomina
861 1351 993 1435 ‘andra‘
1012 1359 1044 1416 et
1062 1351 1162 1438 ‘ardep’
1180 1353 1336 1434 explicare

173 1450 298 1513 studeat
309 1452 344 1526 ¹).
398 1450 527 1515 Latinos
563 1450 703 1516 homines
743 1453 851 1517 doctos
888 1454 1014 1517 nomina
1049 1454 1089 1517 ab
1124 1455 1239 1518 inversi
1276 1453 1336 1516 loci

172 1548 306 1628 imagine
329 1559 454 1631 sumpta
478 1552 619 1616 consulto
644 1552 761 1617 vitasse
782 1552 978 1618 manifestum
1001 1559 1058 1618 est.
1104 1553 1335 1617 vetustissimus

171 1666 295 1731 eorum,
324 1668 402 1730 quos
430 1651 552 1731 quidem
581 1651 657 1716 haec
687 1653 810 1716 nomina
840 1654 971 1718 vertisse
993 1654 1143 1732 solamne,
1173 1652 1332 1717 Vitruvius

173 1748 217 1830 (V
235 1755 255 1812 4
275 1767 305 1830 p.
328 1749 433 1830 113R)
465 1749 668 1816 tetrachorda
696 1758 817 1832 ι,αι’σιον
847 1760 1062 1838 σηνημμένων
1098 1751 1336 1833 διεζευγμεί’ων’

173 1855 316 1914 accurate
345 1848 451 1913 reddit
477 1849 678 1931 medianum,
708 1854 922 1930 coniunctum,
946 1851 1151 1932 disiunctum,
1179 1850 1336 1932 talardum?

173 1955 276 2012 antem
306 1950 553 2030 ‘gravissimum
605 1951 688 2032 apud
711 1951 902 2016 Martianum
926 1950 1085 2032 Capellam
1115 1957 1148 2015 et
1170 1949 1335 2014 Boethium

171 2048 302 2134 <rirtoirp’
321 2049 491 2114 secundum
521 2051 613 2115 aliam
644 2051 736 2116 huius
764 2054 849 2117 vocis
877 2053 1114 2133 explicationem
1137 2050 1336 2132 ‘principalis'

172 2150 357 2231 appellatur,
378 2149 478 2235 (νήιιῐ
496 2170 517 2235 a
539 2151 697 2216 Martiano
719 2153 798 2216 satis
819 2157 908 2216 caute
927 2152 1064 2234 tultima'.

251 2251 436 2315 Recentiore
458 2251 581 2316 demum
610 2256 749 2334 tempore
782 2271 819 2316 ea
850 2253 952 2333 opinio
982 2257 1052 2314 orta
1080 2259 1142 2331 est,
1173 2250 1332 2314 veteribus

174 2351 298 2415 omuino
321 2369 412 2415 sonos
435 2351 592 2430 graviores
613 2359 773 2432 tamquam
795 2369 890 2432 supra
908 2352 1063 2416 acutiores
1084 2352 1204 2431 positos
1225 2350 1335 2413 obver-

173 2455 259 2514 satos
281 2467 358 2514 esse.
401 2455 476 2514 tunc
496 2451 527 2531 ii,
549 2451 602 2532 qui
623 2449 807 2532 ὑποδώριον
837 2456 869 2515 et
887 2451 1000 2514 similia
1028 2451 1187 2514 modorum
1210 2450 1334 2513 nomina

170 2547 376 2630 explicabant,
398 2548 438 2612 ad
455 2549 547 2614 tibias
568 2549 762 2631 refugerunt,
784 2549 835 2614 ubi
853 2567 998 2614 sonorum
1014 2550 1090 2613 ordo
1112 2549 1239 2614 citharis
1261 2566 1335 2613 con·

174 2650 289 2712 trarius
310 2653 380 2712 erat
401 2647 502 2731 (Plut.
517 2649 641 2713 Platon.
663 2656 784 2730 quaest.
806 2650 851 2714 IX
875 2653 903 2730 2,
927 2649 963 2714 1:
985 2650 1045 2732 τήν
1066 2648 1199 2732 ὑπάτην
1221 2649 1256 2710 ἐν
1276 2652 1337 2729 μὲν

173 2746 255 2832 λύρᾳ
291 2748 350 2811 τόν
378 2748 537 2811 ἀνωτάτω
559 2796 651 2828 ....,
680 2751 715 2811 ἐν
743 2750 771 2812 d'
786 2749 897 2823 αὐλοῖς
923 2750 984 2812 adv
1012 2747 1102 2812 κάτω
1122 2797 1129 2810 .
1146 2798 1153 2813 .
1172 2795 1201 2811 ..
1234 2746 1338 2810 τόπον

173 2849 316 2929 ἐπέχειν)
347 2853 378 2912 et
408 2847 592 2928 ὑποδώριον
618 2848 733 2912 dictum
760 2849 916 2930 putabant
937 2848 1003 2930 ‘aaa
1022 2849 1061 2910 cd
1083 2849 1118 2910 ἐν
1140 2851 1208 2920 τοῖς
1228 2845 1339 2919 αὐλοῖς

172 2947 336 3029 τετάχθαι
356 2946 458 3034 αὐτὴν
479 2947 545 3011 dno
566 2946 626 3036 τὴν
647 2944 764 3030 δῶριον
784 2948 953 3030 a‘pport'orr'
975 2947 1101 3030 (Athen.
1126 2946 1199 3010 XIV
1221 2965 1246 3010 c.
1274 2947 1334 3022 19).

174 3049 247 3129 (non
271 3047 343 3112 licet
365 3047 574 3112 Ptolemaeum
596 3049 627 3111 in
650 3048 709 3112 hoc
730 3066 857 3113 numero
880 3047 1014 3127 referre,
1048 3047 1164 3128 quilii
1190 3045 1239 3127 to)
1264 3045 1338 3108 dicit

173 3152 312 3227 vetereS,
349 3148 430 3228 quod
461 3154 567 3212 tonum
603 3147 690 3211 dorio
720 3148 897 3227 graviorem
928 3145 1112 3226 ὑποδώριον
1142 3145 1338 3225 appellarint,

173 3247 422 3330 (καταχρῆσθαί
444 3247 571 3312 vocibus
593 3245 662 3310 dard
685 3251 718 3311 ct
732 3245 816 3327 ὑπέρ
839 3245 988 3323 (Gevaet't
1005 3247 1114 3323 1226).
1149 3263 1220 3308 nam
1234 3267 1340 3326 tteorace-

175 3348 395 3430 xadoaai'est
409 3347 597 3428 (improprie,
618 3347 773 3410 translate
788 3346 859 3421 uti';
878 3345 957 3426 quod
976 3347 1013 3408 de
1030 3345 1112 3408 omni
1132 3345 1188 3408 loci
1204 3344 1340 3424 imagine

175 3448 215 3510 ad
247 3465 394 3511 sonorum
425 3445 633 3511 differentiam
661 3445 860 3511 indicandam
893 3450 1053 3525 assumpta
1090 3443 1253 3508 dicendum
1280 3447 1339 3518 est,

175 3547 241 3610 sive
262 3551 357 3609 acuta
380 3546 445 3609 sive
463 3546 573 3624 gravia
588 3545 654 3610 alta
670 3550 830 3610 vocantur.
874 3545 989 3610 rectius
1010 3544 1143 3608 fortasse
1158 3541 1340 3606 Heraclides

176 3679 371 3691 -.—..——--

246 3732 271 3802 1)
290 3731 399 3802 aptiora
417 3733 503 3788 ctiam
522 3733 651 3789 videntur
669 3734 738 3788 haec
755 3734 883 3798 nomina,
909 3733 933 3787 si
950 3733 991 3786 ita
1009 3734 1121 3787 tenetur
1138 3732 1283 3800 trigonon,
1308 3731 1340 3782 ut

175 3817 204 3870 in
227 3819 415 3874 vetustissima
442 3819 586 3890 sculptura
615 3819 698 3889 (Mitt.
718 3821 743 3873 d.
762 3821 788 3874 d.
806 3820 879 3874 arch.
899 3820 966 3873 Inst.
986 3837 1007 3873 a.
1027 3819 1092 3873 Ath.
1111 3819 1151 3871 IX
1169 3836 1194 3886 p.
1215 3817 1273 3887 156)
1304 3815 1340 3870 ab

175 3903 286 3958 homine
306 3905 427 3970 sedente,
448 3905 496 3972 qui
515 3904 619 3974 trigoni
638 3905 793 3975 rectanguli
811 3905 928 3959 alteram
949 3905 1090 3959 cathctam
1108 3905 1138 3957 in
1155 3901 1257 3957 femine
1276 3901 1341 3972 (non

176 3988 287 4058 declivi)
306 3991 424 4058 positam
434 3989 528 4055 habet,
547 4007 610 4044 eum
628 3989 803 4059 hypotenusa
821 4008 837 4044 a
856 3990 946 4060 capite
962 3990 998 4043 ad
1017 4006 1089 4058 genu
1104 3987 1244 4056 pertineat
1250 4009 1257 4053 ;
1276 4005 1340 4041 uam

176 4091 238 4127 cum
257 4074 420 4144 gravissima
438 4077 540 4130 chorda
558 4092 664 4145 semper
682 4093 699 4130 a
714 4093 826 4145 corpore
838 4075 1075 4139 remotissimasit,
1094 4073 1139 4126 hic
1156 4073 1244 4143 ὑιιάιη
1262 4074 1341 4128 iuxta

176 4164 388 4232 hypotenusam,
407 4163 425 4216 i.
445 4179 468 4217 a.
486 4179 516 4217 re
533 4178 599 4217 vcra
618 4179 700 4232 supra
719 4164 825 4216 ceteras
844 4161 935 4232 posita
954 4160 1081 4230 fingenda
1099 4164 1150 4216 est.
