3244 4976
728 371 770 437 49

171 551 303 617 Kircher
324 551 475 635 (Musurg.
499 552 583 617 univ.
606 569 637 631 p.
658 549 732 633 541)
761 556 926 632 postquam
948 569 982 616 se
1012 551 1165 617 invenisse
1192 553 1250 618 hoc
1273 571 1340 617 mu·

170 652 252 716 sicae
282 651 438 734 specimen
464 651 623 733 narravit,
659 651 793 732 primum
824 656 917 716 notas
946 645 1083 717 Graecas
1116 651 1240 717 exhibet
1267 651 1340 716 sub-

171 751 298 832 scriptis
318 750 422 816 verbis
445 750 583 816 Graecis.
626 751 734 832 primis
764 749 883 816 duobus
909 752 1049 817 uersibus
1078 751 1160 816 notis
1182 751 1340 817 vocalibus

172 851 297 932 scriptis
327 850 452 915 titulum
480 852 660 932 praeponit:
691 849 814 932 tchorus
836 849 971 929 uocalis’,
1000 850 1201 933 sequentibus
1230 851 1341 932 tribue,

172 950 224 1030 qui
246 950 327 1014 notis
357 949 647 1015 instrurnentalibus
670 951 789 1015 exarati
820 956 908 1032 sunt,
928 949 1048 1032 ,chorus
1075 950 1340 1016 instrumentalis’.

171 1050 314 1130 proxima
358 1051 474 1131 pagina
512 1055 614 1114 totum
661 1052 817 1131 specimen
860 1051 974 1132 repetit
1008 1051 1187 1133 praeposito
1232 1050 1341 1115 titulo:

172 1148 303 1229 tMusica
324 1156 465 1213 veterum
489 1151 604 1213 nostris
627 1151 708 1215 notis
730 1151 854 1215 musicis
877 1156 950 1215 tono
973 1151 1071 1233 Lydio
1094 1149 1258 1232 expressa'.
1299 1149 1342 1214 ibi

173 1246 278 1312 verbis
298 1247 426 1312 Graecis
444 1257 570 1329 practer
592 1249 740 1330 antiquas
759 1249 853 1314 etiam
874 1267 949 1315 suae
967 1251 1084 1316 aetatis
1102 1256 1195 1315 notas
1210 1249 1341 1330 addidit,

173 1347 280 1426 primis
295 1354 400 1411 autern
410 1347 552 1412 versibus
568 1349 790 1429 praescripsit:
812 1350 1032 1432 ,monophonia
1042 1351 1107 1416 sive
1119 1369 1179 1414 vox
1195 1347 1343 1439 praevia,

176 1447 270 1510 tertio
301 1447 404 1530 ,χορός
426 1445 477 1532 Ιεἰς
507 1446 662 1531 κυθοέραν
692 1447 784 1530 (sict)
812 1449 924 1514 chorus
953 1450 994 1514 ad
1023 1449 1204 1532 cytharam'.
1247 1466 1342 1529 supra

174 1545 216 1628 (p.
240 1547 319 1629 541)
346 1548 484 1612 dixerat:
516 1547 613 1629 ,vides
644 1549 674 1612 in
701 1547 759 1612 hoc
787 1549 954 1629 specimine
984 1549 1062 1614 duos
1089 1549 1217 1630 choros,
1246 1567 1343 1612 unum

174 1647 320 1728 vocalem,
343 1665 404 1728 quo
422 1666 481 1711 vox
503 1647 695 1728 praecedens
719 1665 868 1711 canonem
891 1649 1003 1713 recitat
1024 1649 1112 1714 iuxta
1134 1653 1224 1714 notas
1238 1646 1343 1711 verbis

175 1747 306 1826 singulis
328 1749 573 1829 superscriptas;
597 1747 679 1812 hunc
703 1747 846 1830 sequitur
867 1747 979 1812 chorus
1000 1749 1091 1831 alter,
1113 1749 1164 1831 qui
1189 1765 1250 1811 non
1274 1750 1344 1810 erat

175 1846 261 1910 aliud
288 1865 379 1928 quarn
411 1847 619 1928 cytharoedus
648 1847 697 1910 vel
728 1846 877 1912 auloedus
905 1849 1002 1929 priori
1023 1847 1258 1930 ἀντίστροφος,
1290 1845 1343 1926 qui

175 1947 345 2011 secundum
373 1948 462 2026 (sici)
491 1946 652 2028 stropham
674 1947 878 2011 instrumento
900 1947 1078 2013 exhibebat'
1098 1949 1181 2030 quid.
1211 1944 1344 2012 senserit

175 2045 323 2127 Kiroher,
352 2065 414 2111 non
437 2046 530 2127 plane
559 2047 671 2127 liquet3
704 2051 761 2111 aut
784 2047 864 2111 enim
896 2045 1024 2112 chorum
1050 2047 1142 2126 dicit,
1169 2063 1266 2128 quam
1289 2061 1344 2107 nos
1383 2051 1384 2058 ’

177 2163 281 2208 vocem
304 2146 497 2228 appellamus
519 2147 613 2228 (quae
635 2153 667 2211 et
695 2147 786 2212 unius
809 2165 878 2212 esse
901 2153 1006 2229 potest
1028 2153 1060 2212 et
1080 2147 1215 2228 plurium
1236 2145 1344 2208 homo-

176 2244 281 2325 phona
304 2247 492 2329 canentium)
504 2245 548 2328 ¹),
579 2254 612 2312 et
635 2247 848 2312 citharoedum
873 2252 970 2330 atque
999 2246 1154 2311 hominem
1174 2261 1247 2308 assa
1269 2260 1344 2306 voce

177 2351 338 2410 canentem
363 2347 493 2412 alternis
517 2348 667 2412 cecinisse
688 2347 804 2427 credit3
825 2351 880 2412 aut
901 2365 935 2411 rc
957 2363 1033 2411 vera
1054 2344 1167 2411 choros
1190 2342 1276 2406 dicit.
1319 2341 1345 2404 si

177 2446 221 2508 ita
244 2452 302 2523 est,
323 2447 448 2510 titulum
465 2446 681 2528 ,monophonia
703 2447 769 2512 sive
787 2465 846 2511 uox
867 2446 1004 2528 praevia'
1023 2465 1085 2511 non
1109 2445 1182 2510 licet
1200 2443 1238 2507 de
1255 2441 1346 2506 unius

178 2561 251 2608 voce
287 2544 483 2626 intellegere,
526 2547 580 2610 sed
613 2545 651 2609 de
682 2547 775 2609 choro
816 2563 889 2611 assa
920 2564 996 2612 voce
1028 2549 1192 2619 cantante3
1228 2541 1347 2621 alioqui

178 2641 310 2708 Kircher
329 2645 389 2708 sibi
409 2663 470 2708 non
487 2650 655 2709 constaret.
692 2645 730 2709 de
748 2645 916 2726 coryphaei
938 2649 970 2710 et
986 2643 1070 2709 chori
1088 2643 1207 2708 vicibus
1225 2640 1347 2705 minime

177 2744 344 2822 cogitavit,
374 2744 429 2808 sed
467 2743 626 2808 dubitasse
660 2744 765 2824 potius
798 2744 937 2824 videtur,
968 2745 1043 2826 quid
1075 2744 1113 2808 de
1145 2742 1214 2806 istis
1245 2740 1347 2804 verbis

174 2842 278 2923 ςχορός
295 2840 339 2916 εἰς
352 2842 507 2923 κιθάραν’
524 2842 658 2918 faceret;
682 2860 752 2906 nam
771 2843 796 2905 si
815 2842 1107 2907 alicuiusmomeuti
1125 2842 1346 2918 existimasset,

177 2959 238 3004 non
270 2942 372 3006 altero
403 2943 525 3006 demum
557 2942 624 3006 loco
657 2940 868 3020 exhibuisset,
901 2940 1007 3020 priore
1039 2939 1205 3003 omisisset.
1253 2942 1348 3016 atque

178 3042 302 3105 omnino
324 3040 400 3105 illud
416 3046 504 3104 totus
526 3040 610 3104 locus
629 3039 794 3104 ostendere
815 3039 891 3103 mihi
911 3038 1038 3104 videtur
1054 3038 1093 3102 ab
1114 3041 1180 3119 ipso
1196 3035 1348 3100 Kirchero

178 3157 279 3222 neque
302 3140 411 3204 modos
434 3141 516 3221 ipsos
540 3157 639 3221 neque
660 3139 770 3202 miram
791 3139 885 3202 istam
907 3143 1042 3218 utroque
1064 3140 1212 3200 notarum
1233 3151 1348 3215 genere

179 3239 310 3303 alternis
342 3239 448 3303 utendi
480 3239 634 3302 rationem
665 3236 836 3319 profectam
867 3255 954 3314 esse;
993 3237 1107 3301 etenim
1139 3234 1284 3314 ambigua
1317 3239 1349 3298 et

179 3338 270 3418 quasi
293 3336 468 3402 fluctuante
496 3338 639 3401 oratione
662 3337 785 3417 utitur,
815 3341 851 3401 ut
882 3337 936 3417 qui
969 3334 1183 3400 difficultatem
1213 3338 1350 3415 nequeat

179 3435 343 3516 expedire,
368 3437 447 3500 nolit
470 3442 572 3500 autem
596 3435 653 3500 hoc
676 3435 827 3500 confiteri.

263 3553 410 3634 Suspicor
430 3553 571 3634 equidem
594 3557 693 3615 totum
717 3552 794 3616 illud
810 3556 987 3616 monstrum
1011 3549 1071 3614 hoc
1092 3547 1183 3613 modo
1206 3546 1350 3629 progeni·

179 3657 245 3715 tum
275 3668 355 3716 csse.
407 3651 564 3714 Pindarus
597 3650 800 3731 plornxingom
831 3649 985 3714 allocutus
1017 3648 1057 3712 de
1089 3666 1126 3711 ea
1155 3667 1182 3711 v.
1211 3647 1230 3710 3
1259 3645 1349 3709 dicit:

179 3753 249 3831 ιτοῖς
270 3749 382 3812 dauriae
399 3754 460 3832 μὲν
481 3748 579 3831 βάσις
596 3749 731 3831 ἀγλαΐας
753 3748 858 3830 α’ρχά’.
880 3747 982 3831 βάσιν
998 3746 1167 3812 scholiasta
1183 3748 1349 3826 postquam

181 3849 310 3913 dubium
343 3867 412 3914 esse
447 3849 528 3914 dixit
556 3855 665 3914 utrum
698 3847 852 3930 significet
880 3844 1012 3930 ῥυθμόν
1043 3863 1083 3909 an
1114 3843 1240 3924 χορδῶν
1257 3842 1350 3930 ι(Ιθςθ

252 4061 278 4130 1)
296 4079 322 4128 p.
343 4061 393 4114 535
417 4061 544 4114 veterum
571 4059 702 4114 musicam
725 4059 792 4113 dicit
817 4059 859 4113 ita
883 4058 1041 4113 institutam
1068 4055 1167 4120 fuisse,
1195 4057 1227 4108 ut
1251 4073 1346 4116 unns,

181 4147 252 4200 duo
270 4147 314 4198 vel
334 4146 426 4214 plures
443 4146 555 4200 alternis
574 4145 696 4199 choris
716 4144 900 4199 concinerent.

235 4265 308 4312 (Grai,
323 4266 358 4314 E.)
