3244 4976
753 399 774 463 5

173 574 346 657 confirmat,
369 595 438 641 curn
461 577 617 659 (Sympos
637 574 681 639 IV
694 576 722 653 1,
736 576 756 639 λ
771 578 801 654 6)
825 575 918 643 dicit:
947 576 1154 642 Ἐκσταπκόν
1174 579 1195 640 r‘
1215 601 1345 662 μετο-

172 675 273 760 βολή
301 676 355 738 καὶ
383 676 421 738 ro*
450 673 633 756 u’roipador·
671 671 755 738 ὅθεν
781 699 847 738 που
882 678 936 740 καὶ
965 679 1025 751 τοὶς
1053 678 1345 759 πολυχορδίας

172 775 261 856 μετα
282 776 403 861 πολλῆς
425 774 455 836 οἱ
475 775 624 856 μουσικοὶ
646 777 790 838 κινοῦσιν
814 775 994 858 εὐλαβείας.
1035 797 1136 861 neque
1156 777 1248 842 aliter
1265 777 1344 844 Pro-

174 875 240 939 clus
272 874 323 958 (ad
349 875 431 940 Plat.
459 875 558 938 Alcib.
590 873 628 938 cl.
653 874 789 938 Leutscb
815 875 932 940 Metrik
954 895 982 957 p.
1010 875 1081 952 358)
1113 877 1343 959 polychordiam

175 975 338 1054 intelligit,
370 993 464 1058 quam
495 993 533 1036 ex
565 972 712 1036 tibiarum
741 974 918 1039 imitatione
940 983 1041 1040 ortam
1064 995 1132 1040 esse
1155 976 1239 1041 hisce
1260 996 1343 1042 com-

174 1076 305 1158 probat:
333 1075 471 1138 ἕκαστον
499 1073 656 1156 τρύπημα
684 1076 750 1134 τῶν
770 1071 881 1137 adicio
902 1079 987 1156 τρεῖς
1011 1074 1176 1158 φθόγγους
1196 1073 1237 1149 ὥς
1259 1097 1343 1160 φασι

173 1174 391 1256 τούλάχιστον
420 1173 554 1256 α’φίησι,
584 1171 614 1236 εἰ
640 1172 677 1235 δὲ
702 1172 756 1236 καὶ
777 1173 820 1235 τοὶ
843 1172 1135 1262 παρατροπήματα
1156 1175 1339 1260 οἷνοιχθείτγ,

174 1277 307 1349 πλείους
319 1274 352 1358 ¹).

255 1376 348 1455 Quod
370 1380 475 1439 autern
499 1393 580 1439 nunc
603 1373 641 1437 de
663 1371 865 1452 polycbordia
888 1373 1019 1453 dissero,
1041 1393 1109 1438 cum
1129 1373 1342 1456 πολυφωνίαν

175 1476 330 1556 explicare
352 1476 451 1551 velim,
474 1472 673 1553 πολύχορδος
694 1478 726 1534 et
745 1470 938 1554 πολύφρονος
953 1473 1045 1552 plane
1062 1492 1234 1555 synonyma
1256 1482 1339 1540 sunt.

174 1593 242 1639 cum
275 1575 385 1639 aribus
415 1569 621 1655 πολυφωνοις
649 1571 827 1636 Aristotelis
862 1574 1038 1654 comparari
1069 1581 1174 1655 potest
1204 1574 1341 1651 luscinia,

175 1694 266 1756 quam
288 1671 558 1758 πολυχορδοτάτᾳ
573 1671 664 1757 γήρυι
678 1671 850 1752 ὑμνοῦσαι·
871 1672 947 1736 feeit
960 1674 1054 1738 Rhesi
1074 1681 1184 1738 auctor
1205 1673 1246 1757 (v,
1258 1672 1341 1756 548).

175 1795 193 1840 a
224 1774 394 1839 Plutarcho
430 1774 524 1854 agoni
558 1773 705 1853 Pytbico,
746 1772 821 1852 quia
854 1771 945 1835 nimis
979 1773 1085 1837 multis
1121 1773 1341 1837 certaminibus

175 1876 273 1939 locutu
298 1875 431 1950 dederit,
453 1871 611 1951 καθάπερ
634 1870 761 1951 δργοῖνῳ
779 1869 982 1953 πολοχορδία
1003 1872 1057 1934 καὶ
1078 1873 1269 1955 πολνφωνία
1291 1892 1341 1936 ex·

175 1974 347 2056 probratur
367 1973 524 2054 (Sympos
538 1972 563 2034 V
577 1976 605 2052 2,
619 1977 692 2050 l,t:
715 1976 841 2034 nostrae
862 1973 976 2035 aetatis
994 1970 1191 2052 polypbonia,
1213 1990 1341 2035 concen-

176 2083 242 2139 tum
265 2074 342 2154 dico,
364 2072 449 2136 nullo
473 2071 561 2134 modo
584 2071 642 2152 ipsi
662 2071 868 2134 instrumento
894 2069 990 2134 tribui
1012 2071 1163 2151 poterat).
1209 2082 1293 2135 recte
1314 2074 1341 2135 is

177 2191 317 2256 quoque,
341 2173 394 2253 qui
418 2171 578 2235 decretum
598 2171 785 2234 Laconicum
807 2171 1004 2252 conscripsit,
1026 2171 1108 2252 quod
1130 2179 1234 2235 exstat
1257 2172 1340 2252 apud

177 2273 342 2337 Boethium
366 2271 421 2353 (de
440 2289 520 2335 mus,
540 2268 613 2350 Il),
636 2269 674 2334 de
699 2287 773 2334 voce
794 2270 988 2354 πολοφωνίο
1008 2270 1181 2347 sentiebat;
1204 2272 1339 2352 quicum

177 2374 337 2439 didicisset
370 2370 566 2434 Timotheum
608 2378 737 2450 propter
773 2371 922 2435 maiorem
955 2370 1143 2436 chordarum
1179 2390 1339 2436 numerum

176 2474 317 2554 punitum
340 2490 419 2548 csse,
442 2469 577 2550 ephoros
600 2487 670 2532 eum
692 2469 908 2550 vituperantes
932 2471 1013 2550 lecit,
1035 2471 1118 2553 quod
1134 2471 1264 2534 τύνδωὲ
1279 2475 1342 2533 τᾶν

177 2573 264 2636 ἑπτα
292 2573 416 2653 χορδᾶν
444 2570 522 2652 (scil.
544 2567 691 2651 μολπάν)
719 2573 899 2650 κιθαρίζειν
921 2569 1218 2653 α’ποστρεφόμενορ
1245 2569 1342 2633 πολο-

178 2678 305 2759 φωνίαν
334 2672 517 2736 induxisset.
567 2668 738 2733 Simonides
760 2674 863 2734 autem
886 2669 958 2752 (frg.
980 2673 1020 2734 lb·
1039 2670 1131 2754 Bglr.)
1154 2673 1262 2735 tibiam
1285 2689 1341 2751 ap-

175 2775 272 2856 pellat
292 2769 468 2852 καλλιβόον
490 2767 693 2850 πολύχορδον
714 2767 826 2850 αύλόν,
858 2791 920 2854 quo
945 2772 1012 2836 loco
1035 2773 1082 2837 vel
1109 2789 1254 2836 numerus
1277 2772 1341 2834 sin-

177 2874 294 2954 gularis
316 2891 372 2935 nos
396 2878 484 2934 vetrtt
505 2870 543 2934 de
565 2868 755 2950 polyphonia
775 2870 924 2935 hodierno
948 2889 1040 2935 seusu
1059 2872 1239 2951 accipienda
1258 2875 1341 2950 cogi·

178 2981 256 3037 tare.
315 2971 400 3035 inani
444 2976 547 3033 autent
590 2969 730 3032 acumine
763 2969 867 3046 Bergk
912 2970 1005 3052 (hist.
1034 2971 1095 3035 litt.
1124 2990 1171 3051 gr.
1204 2972 1233 3035 ll
1261 2972 1339 3052 365)

177 3072 364 3138 Simonidem
395 3071 452 3134 hac
479 3088 554 3133 voce
585 3069 683 3132 totius
713 3086 842 3148 poeseos
862 3087 937 3133 suae
958 3071 1142 3135 varietatem
1167 3078 1200 3134 et
1220 3073 1340 3151 copiam

176 3172 352 3252 significare
368 3170 511 3236 credidit.
552 3167 751 3248 πολύχορδος
773 3176 810 3232 ut
828 3168 1024 3254 πολύφωνος
1046 3169 1119 3234 nihil
1143 3171 1200 3235 nisi
1222 3172 1341 3252 epithe-

178 3281 230 3337 ton
254 3289 369 3336 ornans
392 3271 487 3333 tibiae
509 3275 573 3348 ost,
599 3269 714 3349 quippe
737 3286 816 3349 quae
838 3269 878 3334 ab
902 3269 1126 3350 antiquissimis
1149 3271 1341 3352 temporibus

177 3373 282 3454 plures
305 3389 397 3434 sonos
421 3369 551 3432 ediderit
572 3387 664 3448 quam
686 3369 895 3433 instrumenta
916 3367 1031 3434 fidibus
1054 3371 1185 3434 intenta.

259 3471 347 3536 Idem
367 3469 424 3532 sibi
445 3468 511 3532 vult
525 3467 691 3549 Pindarus
711 3487 778 3533 oum
798 3469 891 3533 tibias
910 3469 946 3534 Ο.
965 3471 1039 3547 7,12
1060 3478 1092 3534 et
1109 3471 1139 3536 J.
1150 3473 1227 3551 t,27
1251 3494 1342 3552 πομ-

180 3574 305 3657 φύνονς
321 3569 470 3651 appellat.
509 3569 583 3631 item
605 3568 640 3632 P.
662 3572 708 3646 12,
720 3573 755 3632 19
774 3569 865 3647 modi,
888 3588 965 3651 quos
984 3569 1125 3634 Minerva
1142 3570 1340 3650 Gorgonibus

175 3673 329 3738 aPerseo
352 3669 481 3733 devictis
507 3666 584 3731 tibia
606 3669 727 3746 cecinit,
749 3667 938 3751 πάμφωνον
958 3671 1053 3750 μέλος
1077 3678 1233 3735 vocantur.
1278 3688 1341 3750 quo

176 3773 242 3837 loco
264 3771 409 3848 Hartung
431 3768 480 3852 (cl.
504 3767 639 3846 Mezgeri
659 3775 860 3834 commentar.
881 3788 911 3849 p.
938 3769 1009 3850 197)
1039 3769 1186 3834 eiusmodi
1214 3775 1340 3834 cantum

248 3968 274 4036 1)
298 3966 436 4035 quomodo
459 3981 608 4034 paucorum
626 3963 794 4019 foraminum
812 3966 888 4025 αὐλός
906 3963 983 4018 vario
1001 3965 1081 4020 modo
1100 3965 1144 4020 vel
1164 3965 1280 4020 inflandi
1299 3968 1341 4020 vel

177 4055 313 4110 foramina
338 4052 485 4107 claudendi
509 4051 643 4123 plurimos
668 4067 748 4105 sonos
766 4051 846 4105 edere
865 4050 963 4119 possit,
989 4051 1108 4106 Gevaort
1125 4051 1151 4104 ll
1171 4053 1221 4106 290
1236 4071 1275 4121 sq.
1295 4070 1341 4108 ex·

177 4142 271 4212 plicat.
309 4139 383 4193 uude
407 4137 490 4192 facile
507 4136 677 4206 intelligitur
696 4137 751 4190 ium
770 4137 963 4205 antiquissimo
983 4139 1107 4207 tempore
1127 4139 1214 4209 lyram
1235 4145 1340 4210 septem

176 4228 341 4287 chordarum
359 4243 377 4281 a
395 4224 472 4282 tibiis
491 4241 621 4281 sonorum
641 4223 769 4282 ubertate
788 4229 949 4298 superatam
965 4241 1032 4283 ease.
