3244 4976
844 379 883 446 82

283 565 461 648 (chrestum.
481 564 508 628 ll
529 582 559 644 p.
584 563 643 627 246
666 560 771 642 th.)
804 561 977 642 Apollinem
1008 561 1190 642 psallentem
1215 563 1451 646 περιέρχεσθαι

281 664 339 727 τόν
359 662 532 746 κρουσμόν.

363 765 429 828 lam
452 761 640 843 νεοσίγαλον
657 760 783 845 τρόπον
804 759 893 824 lacile
915 761 1146 842 explicabimus
1170 762 1221 843 qui
1239 763 1323 826 viros
1339 761 1448 827 doctos

281 865 347 928 sine
370 883 465 929 causa
486 865 618 928 vexavit.
662 861 813 943 quemad
844 866 980 924 metrum
1009 879 1070 925 non
1100 879 1194 942 posse
1225 860 1335 926 referri
1364 867 1450 927 recte

281 963 408 1043 Merger
427 964 511 1046 dicit,
531 964 605 1045 quia
623 968 755 1026 metrum
774 960 1034 1043 simplicissimum
1050 966 1099 1025 est
1117 981 1173 1026 nee
1186 963 1259 1025 novi
1277 962 1449 1048 quidquam

281 1063 428 1144 praeben
458 1082 520 1127 non
543 1068 625 1127 recte
646 1063 712 1143 ipse
734 1079 844 1125 novam
868 1061 996 1124 Pindari
1018 1063 1169 1125 rationem
1192 1062 1356 1142 epinicium
1379 1080 1449 1127 cum

282 1169 375 1227 cantu
406 1162 472 1226 deis
502 1180 591 1226 sacro
619 1161 727 1226 eodem
758 1161 895 1224 carmine
919 1161 1125 1242 coniungendi
1156 1159 1326 1240 significari
1346 1165 1449 1242 putat.

282 1261 408 1343 τρόπον
430 1262 466 1325 de
490 1260 589 1326 modis
612 1261 751 1342 musicis,
779 1279 860 1341 quae
883 1266 933 1324 est
953 1260 1110 1324 sollemnis
1132 1259 1226 1325 huius
1249 1261 1332 1325 vocis
1355 1261 1450 1341 signi·

281 1361 406 1441 ficatio,
439 1362 497 1426 hoc
525 1361 593 1426 loco
622 1360 858 1440 intelligendum
888 1379 955 1424 asse
987 1359 1151 1424 verborum
1183 1379 1319 1425 conexus
1349 1360 1449 1426 docet.

282 1461 389 1542 quidni
411 1461 581 1526 Pindarum
613 1461 735 1543 rythmo
764 1460 990 1540 simplicissimo
1011 1460 1118 1525 modos
1148 1460 1288 1525 novitate
1312 1461 1450 1542 insignes

282 1560 523 1626 circumdedisse
562 1561 741 1641 fingamus?
793 1559 883 1624 siculi
921 1559 1125 1640 Phallophori
1161 1559 1269 1642 (carm.
1304 1580 1375 1643 pop.
1413 1559 1449 1642 8)

282 1661 407 1740 gloriari
438 1661 581 1725 solebant
614 1659 744 1724 ἁπλοῦν
776 1657 907 1741 ῥυθμόν
944 1660 1121 1739 [trimetros
1152 1660 1312 1744 iambicos)
1351 1659 1451 1741 αἰόλῳ

281 1759 371 1843 μέλει
399 1779 529 1841 prorsus
562 1778 643 1825 novo
674 1766 706 1824 et
735 1761 883 1824 inusitato
906 1777 924 1823 a
945 1778 978 1824 se
1008 1759 1167 1840 perfundi,
1197 1759 1245 1823 vel
1268 1759 1450 1841 Terpander

282 1860 385 1924 varios
409 1879 517 1925 nomos
548 1879 619 1924 suos
649 1859 688 1922 ad
719 1877 814 1924 nnum
837 1866 970 1923 mearum
998 1860 1116 1940 epicum
1138 1860 1290 1925 adhibuit.
1335 1860 1450 1925 sedne

282 1977 407 2023 necesse
427 1959 551 2043 quidem
575 1965 623 2023 esi
652 1958 769 2040 fingere
792 1960 981 2040 singularem
1010 1958 1102 2023 huius
1126 1959 1270 2024 carminis
1293 1959 1325 2023 in
1351 1960 1452 2024 modis

282 2061 453 2123 novitatem
492 2059 605 2140 fuisse3
649 2067 684 2125 ut
719 2065 851 2124 metrum
881 2061 1118 2140 uniuscuiusque
1153 2059 1298 2124 carminis
1338 2079 1449 2124 novum

282 2176 351 2222 esse
381 2158 515 2223 debebat
545 2159 651 2242 (quam
674 2160 771 2238 legem
799 2158 892 2224 semel
914 2159 1072 2224 Pindarus
1102 2160 1254 2224 nescimus
1278 2160 1450 2244 quibusda

281 2258 383 2322 causis
405 2259 605 2341 neglexerit)‘‚
629 2260 673 2322 ila
698 2260 764 2324 sine
788 2259 883 2324 dubio
903 2259 987 2323 modi
1009 2277 1142 2341 quoque3
1171 2278 1272 2341 neque
1294 2261 1450 2340 intellego,

282 2375 336 2421 cur
363 2358 464 2438 ‘nimis
494 2358 596 2422 ienue'
622 2358 769 2422 videatur
790 2359 922 2423 Dissenc
946 2359 1098 2423 melodiae
1125 2361 1293 2424 novitatem
1317 2379 1450 2425 comme-

282 2459 415 2538 morari;
448 2458 529 2522 idem
556 2459 627 2523 feeit
647 2459 774 2523 Alcman
807 2459 881 2542 (frg.
907 2461 937 2539 1)
965 2458 1033 2524 loco
1062 2458 1234 2541 simillimo,
1265 2478 1332 2524 cum
1362 2461 1449 2524 initio

282 2559 429 2624 carminis
452 2559 526 2623 ilem
548 2559 668 2624 Musam
693 2560 871 2627 invocaret:
890 2561 994 2641 μέλος
1014 2560 1153 2643 νεοχμόν
1174 2555 1255 2641 ἄρχε
1276 2567 1450 2642 παρσένοις

281 2656 413 2722 dardani

362 2758 454 2838 Quod
466 2759 507 2824 ad
523 2759 681 2824 modorum
693 2760 937 2825 coniunctionem
951 2762 1077 2840 atainei,
1094 2761 1223 2825 Pindari
1240 2761 1447 2842 fragmentum

281 2856 349 2939 (191
378 2859 486 2942 ng.):
507 2860 651 2943 (Αἰολεός
671 2864 781 2944 ἔβαινε
802 2865 933 2943 Δωρίαν
952 2861 1111 2924 κέλευθον
1132 2857 1253 2943 ὕμνων
1274 2861 1448 2942 praeterire

281 2956 404 3040 liceret,
433 2961 492 3025 nisi
523 2967 555 3026 et
581 2961 705 3026 Boeckh
735 2961 789 3042 (de
812 2981 849 3024 m.
873 2960 909 3025 P.
937 2979 966 3041 p.
989 2959 1062 3043 a57)
1090 2961 1230 3042 tDoriam
1256 2960 1448 3024 harmoniam

282 3059 388 3124 Aeolio
412 3059 514 3124 cantui
537 3061 715 3126 admistam'
740 3061 788 3125 hic
811 3079 933 3142 quoque
955 3061 1094 3125 invenire
1125 3061 1182 3125 sibi
1206 3061 1290 3124 visus
1313 3065 1396 3124 asset
1418 3064 1450 3123 et

280 3159 447 3240 Wostphal
475 3160 535 3240 (ΙΙ8
555 3161 608 3241 85)
637 3179 697 3226 una
731 3180 798 3226 cum
819 3163 936 3226 Doriae
968 3161 1107 3226 citharae
1137 3160 1324 3243 (01.1,17)
1356 3160 1451 3242 expli·

281 3261 404 3323 catione
425 3277 519 3341 supra
540 3268 711 3326 memorata
728 3262 805 3326 haec
821 3262 916 3326 verba
938 3261 1093 3325 laudaret.
1133 3265 1218 3324 certa
1233 3259 1367 3341 proferri
1386 3279 1449 3324 non

279 3366 430 3440 possunt,
459 3378 527 3424 cum
551 3363 726 3426 sententiaa
756 3380 907 3426 conexum
930 3361 1126 3442 ignoremus:
1161 3359 1235 3440 quid
1260 3359 1362 3440 Bergk
1389 3359 1449 3424 sibi

280 3459 373 3536 velit,
405 3477 475 3524 cum
497 3459 604 3541 ιαὐλός
622 3461 765 3536 Αἰολεός’
795 3459 1001 3543 supplendum
1030 3463 1171 3539 censeat,
1204 3477 1266 3523 non
1298 3458 1448 3538 intelligo.

280 3559 354 3622 mihi
384 3558 508 3639 quidem
538 3563 731 3642 comparanti
763 3561 939 3626 Pausaniae
969 3559 1063 3623 verba
1094 3559 1153 3639 (IX
1183 3563 1270 3637 223,
1301 3559 1399 3623 allata
1429 3577 1448 3622 a

280 3657 515 3722 Schneidewino
550 3659 597 3724 ed.
628 3661 717 3726 Pind.
749 3661 844 3726 voll
875 3679 905 3740 p.
927 3659 1083 3738 lixam),
1116 3660 1168 3740 qui
1197 3664 1308 3724 narrat
1338 3659 1449 3722 vicisse

281 3757 461 3838 Corinnam,
483 3759 556 3839 quia
580 3778 640 3823 non
665 3765 793 3825 caneret
814 3763 855 3844 τῇ
878 3762 972 3842 φωνῇ
991 3761 1032 3840 τῇ
1053 3758 1234 3839 Δωρίδι...,
1256 3758 1326 3822 αλλ’
1348 3757 1450 3820 ὁποῖα

280 3854 433 3940 συνήσειν
455 3858 589 3940 ἔμελλον
621 3858 652 3922 οἱ
671 3858 811 3939 Αἰολεῖς,
844 3860 1004 3940 ingeniosa
1032 3857 1158 3922 videtur
1180 3857 1347 3940 Hartungii
1377 3875 1449 3923 eon-

281 3958 410 4038 iectura,
436 3959 488 4036 qui
512 3959 643 4040 ἔβαινον
664 3978 721 4039 pro
747 3961 859 4040 ἔβαινε
883 3958 1022 4024 coniecit.
1057 3958 1173 4039 poteris
1197 3957 1351 4022 etiamad
1375 3957 1450 4022 Ter-

280 4057 436 4136 pandrum
451 4055 527 4120 haec
547 4057 674 4140 referre,
698 4059 762 4141 qui,
787 4078 855 4122 eum
873 4059 1004 4124 Lesbius
1019 4063 1113 4137 ossei,
1135 4057 1450 4123 Lacedaemoniorum

276 4155 425 4220 musicam
448 4157 634 4220 restituerit.
678 4160 760 4237 quod
786 4159 954 4224 scholiasta
976 4157 1014 4220 ad
1039 4157 1072 4219 P.
1096 4157 1184 4237 269,
1214 4159 1268 4224 uhi
1291 4157 1329 4221 de
1357 4157 1448 4221 modo
