3244 4976
744 363 782 426 61

184 546 339 612 Pindarus
363 551 466 610 autem
489 546 533 609 ita
556 543 714 625 loquitur,
747 550 907 626 tamquam
930 563 1049 610 summa
1071 551 1214 616 carminis
1236 552 1345 617 horum

183 647 274 712 laude
290 653 420 712 constet.
463 647 585 726 longius
607 663 626 708 a
648 646 781 709 veritato
803 645 919 710 recedit
936 645 964 709 N
979 652 1007 726 tl,
1024 654 1092 731 lsq.
1112 650 1347 736 ,Κωμασομενζ

183 748 302 830 inquit,
333 749 421 830 trrocp’
442 746 640 820 ’Λπόλλωνος
667 741 870 828 Σικυωνόθε,
899 751 1045 828 Μοῖσαι,
1176 746 1288 836 ὄλβιον
1317 757 1349 830 ἐς

185 853 334 930 Χρομίου
356 849 447 932 δῶμ’.
490 848 560 912 ἀλλ’
581 849 688 912 ε’πίων
715 848 833 930 ydoneis
860 845 965 932 δμνον
992 850 1173 932 πράσσετε.
1193 855 1197 936 Ι
1216 857 1254 919 νδ
1275 878 1349 938 κρα-

184 946 355 1013 τίσιππον
375 951 437 1032 γοὶρ
458 949 490 1023 ἐς
506 945 582 1031 ἅρμ’
601 949 792 1032 α’ναβαίνων
806 959 922 1033 μασίρι
937 952 991 1015 καὶ
1007 951 1153 1036 διδύμοις
1169 956 1350 1022 παίδεσσιν

185 1049 295 1115 aridulo
314 1049 432 1133 μανύει
450 1054 455 1131 Ι
474 1052 637 1124 Πυθῶνος
652 1050 804 1124 αἰπεινᾶς
820 1050 1009 1135 ὁμοκλάροις
1023 1053 1206 1129 ἕπόιτναις.’
1252 1055 1350 1121 Chro-

185 1154 264 1217 mius
286 1152 317 1216 in
336 1170 447 1234 pompa
463 1153 606 1217 sollemni
621 1171 744 1216 currum
763 1153 976 1219 conscendens
993 1153 1152 1236 ,hymnum
1167 1156 1350 1221 ordiendum

187 1270 254 1316 esse
282 1251 439 1333 significat
466 1252 497 1316 in
525 1252 672 1317 honorem
695 1253 835 1317 Latonae
862 1258 895 1317 et
917 1253 1106 1336 liberorum’,
1137 1260 1173 1320 ut
1194 1255 1350 1338 Heynium

189 1355 287 1419 secuti
310 1355 500 1436 interpretes
523 1353 688 1435 explicant.
736 1353 847 1434 ipsum,
875 1353 957 1434 quod
984 1353 1132 1434 legimus
1160 1373 1285 1421 carmen
1304 1357 1352 1421 his

188 1453 356 1535 significari
386 1453 613 1519 sententiarum
643 1470 777 1517 conexus
807 1453 907 1518 docet.
960 1473 1034 1518 num
1062 1473 1097 1519 re
1118 1473 1192 1521 vera
1214 1457 1354 1522 condidit

188 1554 247 1619 hoo
273 1554 447 1634 Pindarus,
475 1559 510 1619 ut
532 1554 685 1618 Latonam
709 1552 906 1618 celebraret?
946 1554 1039 1619 immo
1068 1555 1117 1620 his
1147 1556 1223 1622 solis
1251 1558 1353 1623 verbis

189 1655 315 1736 pietatis
336 1652 469 1718 officium
492 1653 639 1734 explevit,
661 1652 716 1718 sed
739 1653 834 1716 nihilo
855 1653 955 1718 minus
972 1655 1112 1720 sollemni
1131 1656 1278 1738 loquendi
1297 1677 1354 1724 usu

189 1759 291 1818 totum
322 1771 447 1818 carmen
477 1753 655 1819 numinibus
685 1752 746 1816 illis
776 1752 928 1817 tributum
962 1771 1030 1818 esse
1058 1754 1157 1836 fingit.
1213 1759 1355 1838 geminus

190 1853 275 1918 locus
298 1858 346 1917 est
369 1852 404 1918 Ο.
430 1859 456 1933 l,
477 1855 576 1934 8sq.:
610 1849 693 1915 iidoc
718 1852 797 1932 (scil.
819 1851 881 1915 a'rc'
901 1852 1089 1939 Ὀλυμπίας)
1120 1856 1138 1918 δ
1167 1855 1356 1942 πολύφατος

189 1949 289 2034 ὕμνος
308 1952 553 2036 ἀμφιβάλλεται
571 1953 576 2034 Ι
596 1955 710 2036 σοφῶν
732 1957 887 2036 μητίεσσι
908 1952 1059 2017 κελαδεῖν
1084 1956 1088 2034 Ι
1115 1953 1240 2038 Κρόνον
1262 1958 1355 2022 παῖδ’

191 2055 223 2128 ἐς
254 2053 385 2137 α’φνεδν
419 2051 584 2136 ἱκομένους
608 2053 613 2131 Ι
638 2053 802 2134 μα’καιραν
829 2051 969 2134 Ἱίρωνος
1000 2051 1124 2119 ἑστίαν.
1185 2074 1256 2119 nam
1293 2057 1358 2120 sive

191 2153 337 2236 hymnum
359 2155 398 2217 ad
421 2153 478 2218 hoc
498 2153 601 2234 ipsum
624 2169 747 2216 carmen
770 2151 868 2216 refers
889 2157 921 2216 et
940 2151 1063 2237 σοφούς
1084 2172 1153 2218 cum
1171 2155 1305 2220 Disseuo
1326 2161 1359 2220 et

193 2252 425 2319 Schneidewino
448 2251 616 2317 choreutas
640 2250 799 2330 intelligia
822 2251 888 2316 sive
910 2252 1064 2333 explicas:
1086 2253 1240 2335 tOlympia
1258 2254 1359 2335 poetis

194 2353 297 2416 lovem
309 2350 399 2416 domo
411 2350 559 2416 Hieronis
577 2349 756 2414 celebrandi
774 2351 936 2415 materiam
954 2351 1137 2433 praebet'1),
1157 2353 1201 2416 ita
1219 2352 1360 2434 loquitur

194 2457 303 2533 poeta,
343 2457 503 2532 tamquam
540 2450 635 2514 solius
667 2450 748 2514 lovis
779 2449 888 2514 laudes
918 2467 1041 2515 carmen
1075 2469 1165 2515 suum
1192 2453 1360 2517 contineat.

195 2555 307 2630 argute
338 2549 488 2614 brevibus
517 2548 575 2612 hoc
605 2547 737 2613 officium
768 2548 921 2630 absolvit,
950 2567 985 2613 eo
1008 2554 1111 2613 tamen
1134 2551 1246 2631 pietati
1268 2551 1361 2616 satis·

194 2651 283 2731 iecit,
314 2649 399 2730 quod
421 2649 525 2713 lovem
547 2652 622 2712 ante
644 2647 812 2712 Hieronem
835 2648 1009 2712 nominavit
1037 2648 1254 2732 (quamobrem
1278 2651 1360 2731 quod

197 2883 390 2894 W.—

196 2943 334 3014 IlI‘718):
358 2945 508 3016 Ἀφροδίτης
526 2945 604 3006 δνομα
620 2948 720 3003 τέμνων
736 2944 778 2995 καὶ
797 2944 919 3014 Χαρίτων
939 2943 1088 3004 ἀνάμεστος,
1108 2941 1156 2996 ubi
1174 2943 1268 3014 Bergk
1285 2943 1362 2996 δλοιια

196 3028 307 3095 conicit,
326 3029 440 3084 fortasse
459 3029 519 3093 hoo,
538 3029 573 3084 do
592 3045 646 3097 quo
663 3029 844 3098 disputamus,
862 3028 1102 3098 lococommotus).
1137 3029 1156 3097 ἤ
1173 3030 1362 3086 coniunctivae

197 3116 286 3184 magis
305 3133 387 3186 quam
408 3115 591 3170 disiunctivae
609 3115 764 3186 exemplum
785 3117 928 3184 praeterea
945 3115 1038 3170 inveni
1058 3114 1121 3169 Eur.
1140 3115 1201 3170 Hel.
1221 3116 1284 3171 165:
1303 3123 1362 3169 τινα

196 3201 294 3264 potam
312 3203 431 3264 datlen,
456 3203 578 3273 δάκρυσιν
602 3201 622 3270 ἢ
645 3203 751 3273 θρήνοις
774 3201 946 3268 dudodecim
973 3202 1008 3256 of.
1027 3201 1105 3256 Herc.
1125 3201 1177 3254 fur.
1199 3202 1278 3256 1025:
1303 3210 1363 3255 τίνα

198 3289 339 3355 στεναγμὸν
363 3287 382 3357 ἢ
403 3295 462 3354 ydor
483 3287 620 3357 ἢφθιτῶν
638 3287 707 3358 ρίδδν
726 3287 744 3355 ἢ
761 3286 811 3339 τίν’
825 3285 901 3340 (Ἅιδα
923 3290 998 3360 χορὸν
1018 3288 1121 3358 ἀχήσω
1147 3304 1217 3356 quae
1241 3287 1363 3342 eiusdem

197 3373 237 3427 rei
256 3373 369 3428 nomina.
388 3376 460 3430 sunt.

269 3467 294 3536 l)
314 3468 439 3536 equidem
458 3467 684 3523 honorationem
702 3467 842 3537 praefero,
862 3485 945 3536 quam
965 3468 1049 3522 etiam
1068 3468 1137 3522 Rost
1156 3468 1201 3538 (cf.
1220 3467 1365 3522 Schneide-

199 3553 262 3608 win.
287 3553 317 3607 in
340 3554 447 3609 Disseni
474 3555 527 3623 ed.)
554 3554 694 3622 aequitum
725 3552 860 3622 imprimis
887 3556 1001 3624 propter
1024 3555 1164 3623 ,μητιεσσιζ
1190 3571 1254 3607 nam
1281 3552 1366 3607 monti

199 3639 312 3706 quidem
336 3642 436 3708 poetae
462 3657 572 3694 carmen
594 3639 725 3704 debetur,
752 3639 828 3693 chori
852 3640 945 3694 autem
971 3641 1100 3710 vocibus;
1128 3642 1157 3694 et
1181 3639 1367 3701 ἀμφιβάλλεται

200 3723 321 3793 hymnus
342 3725 488 3790 mentibus,
511 3727 577 3779 dum
595 3725 771 3795 excogitatur
789 3729 817 3779 et
833 3726 1036 3788 conformatur,
1055 3741 1116 3778 cum
1136 3723 1273 3793 perfectus
1291 3724 1367 3778 chori

201 3825 264 3864 voce
291 3810 430 3876 redditur,
458 3811 570 3866 auribus
595 3811 688 3880 potius
712 3812 907 3876 ἀμφιβάλλεται.
947 3827 1037 3878 noque
1060 3809 1090 3862 in
1115 3809 1218 3878 plurali
1242 3810 1368 3880 generali

200 3897 338 3950 sententia
372 3898 532 3969 accipiendo
559 3897 770 3952 offendendum}
805 3915 869 3950 nam
897 3897 975 3959 ὕμνοι
1001 3895 1145 3950 collective
1173 3895 1206 3949 de
1234 3896 1367 3950 laudandi

200 3983 326 4047 materia,
345 3999 417 4050 quae
434 3982 524 4054 poetis
542 3984 652 4052 praesto
671 3982 716 4046 sit,
733 3981 857 4051 intelligi
874 3999 953 4050 posse
971 3982 1004 4035 N.
1017 3981 1040 4046 6,
1051 3981 1085 4034 38
1103 3981 1183 4034 docet
1201 3981 1371 4048 (παλαίφατος

200 4067 273 4134 γενεά
290 4109 295 4122 .
310 4104 336 4122 ..
356 4070 487 4139 Πιερίδων
504 4069 607 4140 α’ρόναις
625 4069 729 4120 δυνατοί
748 4073 871 4140 παρέχειν
890 4069 970 4120 πιλία
989 4067 1066 4127 {furor
1084 4067 1221 4138 ἀγερώχων
1239 4068 1372 4138 ἑργμάτων

199 4152 297 4220 urerer).
