3244 4976
736 398 775 464 15

172 573 238 637 eius
260 573 406 654 loquendi
426 575 561 656 generisi,
583 595 644 659 quo
666 578 695 641 in
718 577 773 642 tali
793 575 947 657 colloquio
971 595 1047 658 opus
1070 579 1108 642 sit
1133 578 1182 662 (ci.
1198 577 1338 643 Schmidt

170 674 365 754 Synonymilr
390 675 403 740 l
427 673 509 756 102).

253 774 428 850 Διοὶλεκτος
456 778 555 858 igitur
578 777 604 840 si
627 777 844 842 instrumentis
866 776 1031 854 tribuitur,
1062 776 1208 860 loquendi
1230 779 1336 842 subest

173 877 385 956 comparatio,
407 894 468 939 non
492 875 698 960 colloquendi.
741 877 820 959 quod
842 878 976 958 primum
998 876 1137 941 videmus
1158 875 1272 942 iactum
1296 879 1335 942 ab

173 975 352 1053 Aristotele,
373 977 428 1059 qui
451 976 502 1059 (de
524 977 627 1040 anima
651 977 680 1041 11
698 977 771 1055 8,9)
793 975 983 1040 haecdicit:
1007 974 1027 1062 ἡ
1049 974 1141 1063 φωνή
1163 975 1273 1064 ψόηος
1291 999 1338 1050 τις

171 1076 262 1138 ἐστίν
292 1075 451 1164 ἐμψύχου·
500 1079 566 1140 τῶν
596 1077 658 1158 χα“ρ
694 1075 838 1166 οἷψύχων
867 1075 965 1140 ου’δὲν
991 1081 1108 1160 φωνεῖ,
1145 1076 1229 1140 dud
1256 1077 1334 1140 καθ’

170 1175 344 1256 ὁμοιότητα
372 1174 498 1255 λέγεται
526 1181 658 1260 φωνεῖν,
689 1167 759 1240 οἷον
783 1177 882 1251 αύλύς
908 1177 962 1239 καὶ
985 1175 1068 1258 λύρα
1089 1178 1143 1240 καὶ
1165 1173 1230 1241 ὅσα
1251 1172 1336 1240 ἄλλα

170 1279 236 1337 τῶν
257 1273 399 1361 α’ψύχων
419 1275 588 1341 α’τιότασιν
610 1278 750 1357 ἔχεικαὶ
771 1278 867 1357 μέλος
886 1277 941 1340 καὶ
963 1277 1142 1340 διάλεκτον·
1174 1278 1255 1338 ἔοικε
1275 1278 1336 1358 yolo

171 1371 220 1437 ὅτι
239 1376 293 1437 καὶ
317 1373 337 1461 ἡ
359 1375 450 1461 φωνή
473 1376 565 1438 ταῦτ’
586 1378 660 1456 ἔχει.
702 1377 834 1441 eundem
853 1375 952 1440 locum
971 1376 1155 1458 paraphrasi
1174 1378 1336 1440 interiecta

171 1474 360 1556 Porphyrius
381 1475 412 1538 in
434 1478 656 1540 commentario
679 1476 721 1539 ad
743 1476 874 1541 Ptolem.
892 1476 1032 1557 lrarrn.p.
1050 1478 1107 1540 192
1129 1477 1173 1540 sic
1193 1475 1335 1541 exhibet:

175 1577 248 1638 Τιύν
276 1576 337 1657 χοὶρ
366 1575 523 1665 α’ψύχων,
553 1577 657 1660 μησὶν
683 1576 909 1659 Ἀριστοτέλης,
936 1575 1032 1639 οὐδέν
1060 1579 1168 1659 (χωρεῖ.
1209 1575 1248 1638 ού
1275 1577 1335 1656 γαρ

171 1675 282 1762 φωνην
314 1676 480 1757 προΐεται,
514 1675 600 1740 allo
632 1679 716 1739 κατα
753 1699 828 1739 τινα
855 1675 1032 1760 ὁμοιότητα
1061 1677 1115 1738 καὶ
1144 1677 1336 1756 parapanda

169 1774 270 1849 αύλός
289 1799 326 1837 τε
347 1777 402 1838 καὶ
424 1774 507 1856 λύρα
529 1775 655 1858 λέγεται
678 1780 811 1859 φωνεῖν,
833 1775 872 1839 ού
892 1781 1006 1857 κυρίως
1022 1783 1177 1856 μέντοιγε,
1198 1775 1253 1838 καὶ
1271 1771 1335 1840 ὅσα

168 1871 253 1939 ἄλλα
281 1878 347 1937 τῶν
379 1873 524 1964 α’ψύχων
551 1875 649 1940 τάσιν
682 1878 756 1956 ἔχει·
796 1879 894 1939 τούτο
922 1876 963 1938 δέ
993 1876 1083 1938 ἐστιν
1111 1873 1254 1956 ὀξύτητα
1281 1876 1335 1938 καὶ

168 1975 339 2058 βαρύτητα
367 1976 427 2062 τήν
456 1977 492 2038 ἐν
519 1981 667 2060 μουσικῇ·
706 1975 830 2059 ταύτην
857 1977 919 2058 γαρ
947 1975 1045 2039 τάσιν
1071 1975 1226 2055 λέγουσιν.
1270 1971 1335 2039 ὅσα

168 2067 227 2140 ούν
248 2075 368 2160 ταύτης
388 2085 516 2157 μετέχει
536 2078 590 2139 καὶ
610 2079 671 2140 τού
690 2077 822 2158 μέλους,
842 2072 1181 2159 καταχρηστικωτερον
1201 2070 1335 2156 εύᾳωνα

166 2176 292 2258 λέγεται
320 2177 374 2238 καὶ
407 2175 519 2264 φωνην
548 2178 643 2256 ἔχειν.
702 2176 865 2256 Διαλέκτῳ
892 2177 969 2258 γάρ,
1008 2176 1124 2259 φησὶν,
1162 2175 1243 2237 ἔοικέ1
1273 2174 1335 2260 τήν

166 2275 266 2339 τάσιν
304 2278 423 2356 ἔχοντα
463 2279 548 2340 κατα
591 2277 678 2358 (lege
711 2276 786 2358 καὶ)
831 2276 870 2340 τύ
911 2276 1015 2358 μέλος.
1071 2275 1145 2338 ἐπεὶ
1185 2275 1240 2338 καὶ
1274 2274 1334 2361 την

169 2376 281 2464 φωνην
316 2379 422 2440 ταῦτα
451 2377 577 2461 ὁρῶμεν
613 2379 754 2457 ἔχουσαν
784 2377 828 2441 τοέ
860 2374 1022 2459 ἰδιώματα
1051 2376 1136 2438 κατοὶ
1166 2375 1209 2437 τοὶ
1241 2375 1332 2458 μέλη.

170 2485 301 2558 apparet
322 2477 527 2560 Porphyrium
558 2478 589 2541 in
621 2496 677 2541 suo
698 2477 879 2541 Aristotelis
901 2477 1043 2557 exemplo
1073 2476 1170 2539 locum
1194 2476 1239 2539 sic
1261 2493 1333 2539 con·

167 2577 334 2642 formatum
355 2579 527 2659 reperisse:
553 2577 609 2640 καὶ
631 2573 696 2640 ὅσα
717 2571 804 2641 ἄλλα
824 2580 889 2640 τῶν
910 2575 1053 2665 α’ψύχων
1074 2574 1172 2639 τάσιν
1192 2575 1331 2654 ἔχεικαὶ

166 2675 269 2757 μέλος·
307 2676 463 2759 διαλέκτῳ
493 2678 553 2758 χοέρ
583 2679 685 2741 ἔοικεν
714 2675 765 2742 ὅτι
792 2676 847 2741 καὶ
876 2675 896 2758 ἦ
918 2676 1010 2759 φωνή
1031 2675 1122 2738 ταῦτ’
1142 2676 1218 2754 ἔχει.
1260 2675 1280 2738 i.
1302 2692 1330 2738 e.

167 2775 252 2856 lyrae
274 2782 307 2841 et
330 2777 426 2841 tibiae
450 2779 573 2842 sonitus
595 2782 701 2857 potest
718 2795 787 2842 cum
805 2775 928 2858 loquela
946 2773 1128 2854 (διαλέκτῳ)
1146 2773 1331 2853 comparari,

114 2881 117 2886 “
167 2867 241 2956 quia
269 2876 400 2958 perinde
429 2883 524 2957 atque
548 2895 608 2942 vox
629 2878 764 2942 humana
786 2877 884 2942 τάσιν
905 2882 937 2940 et
957 2877 1052 2956 μέλος
1072 2874 1179 2938 habet.
1222 2879 1256 2936 at
1278 2873 1332 2935 de·

168 2977 293 3040 terioris
319 2979 415 3040 notae
437 2976 570 3041 codicem
592 2975 765 3058 Porphyrio
788 2981 914 3057 praesto
934 2973 1032 3040 fuisse
1054 2975 1102 3038 vel
1123 2973 1195 3036 inde
1218 2989 1330 3051 cogno·

167 3077 281 3155 scitur,
314 3075 396 3156 quod
424 3075 541 3157 ‘adeun'
561 3082 610 3140 ter
632 3075 757 3140 exhibet
778 3094 835 3156 pro
855 3073 1051 3158 ,ἀπότασινζ
1075 3093 1154 3157 quae
1177 3071 1331 3139 difficilior

166 3182 198 3238 et
220 3176 287 3239 sine
306 3175 400 3239 dubio
419 3177 521 3240 verior
540 3176 633 3240 lectio
653 3182 702 3239 est
723 3172 764 3255 (v.
782 3175 894 3258 inira);
917 3176 1078 3256 sequentia
1096 3181 1202 3238 autem
1220 3170 1329 3250 verba,

165 3273 270 3353 qualia
292 3274 497 3356 Porphyrium
521 3274 632 3354 legisse
656 3274 871 3355 conclusione,
892 3274 1135 3340 inconcinnitate
1157 3270 1328 3338 Aristotele

165 3392 225 3436 non
256 3373 351 3454 digna
382 3374 545 3451 laborant3
577 3393 678 3458 nsque
702 3377 783 3441 enirn
807 3373 926 3465 ἄψυχα
948 3375 1003 3440 illa
1024 3376 1237 3439 instrumenta
1259 3375 1329 3440 δια-

163 3474 264 3555 λέκτῳ
287 3473 400 3538 similia
421 3481 504 3556 sunt,
528 3475 582 3540 sed
605 3493 710 3539 eorum
731 3477 810 3540 soni.
854 3475 955 3540 altera
973 3493 1046 3540 vero
1069 3474 1159 3539 lectio
1180 3493 1258 3539 sana
1278 3482 1329 3542 est

164 3581 196 3637 ot
226 3575 406 3655 perspicua,
438 3573 602 3639 dummodo
630 3574 732 3656 ςἔοικέ
753 3593 792 3638 ne
813 3575 1058 3655 interpretemur
1078 3574 1231 3656 <videtur',
1264 3576 1330 3655 sed,
1438 3557 1443 3566 ⁵

164 3674 195 3738 id
218 3673 303 3758 quod
326 3675 507 3755 saepissime
530 3671 696 3753 significat,
717 3679 835 3755 ,notum
858 3673 925 3738 est’.
969 3692 1025 3738 nec
1047 3673 1243 3755 Simplicius,
1275 3676 1328 3756 qui

163 3774 245 3839 solet
273 3775 379 3838 varias
410 3774 560 3838 lectiones
591 3771 721 3850 afferre,
759 3773 989 3855 discrepantiae
1019 3773 1206 3837 mentionem
1236 3774 1329 3856 iacit3

164 3892 254 3955 quem
276 3873 383 3937 eedem
405 3873 528 3953 legisse,
550 3873 684 3953 quaein
706 3872 862 3938 codicibus
882 3875 1023 3950 exstant,
1047 3891 1085 3936 ex
1107 3875 1326 3938 commentario

162 3976 230 4038 eius
260 3973 369 4038 elucet.
420 3970 591 4036 διάλεκτον
620 3970 717 4051 igitur
747 3970 832 4052 lyrae
871 3978 903 4036 et
933 3971 1027 4036 tibiae
1062 3971 1221 4053 propriam
1258 3990 1327 4038 esse

162 4073 348 4138 Aristoteles
371 4072 453 4137 dicit.

244 4171 326 4250 Quid
356 4172 399 4236 sit
426 4170 593 4243 διάλεκτος
613 4169 792 4250 Aristoteli,
822 4168 893 4233 aliis
914 4167 1063 4233 librorum
1083 4168 1150 4232 eius
1171 4168 1247 4232 locis
1270 4168 1325 4233 ab·

160 4271 244 4336 unde
267 4271 441 4338 edocemur.
482 4271 555 4336 hist
577 4288 628 4334 an.
650 4268 724 4333 1th
746 4267 1120 4358 distinguunturgndpoc
1142 4266 1234 4352 pomi
1256 4268 1326 4332 aad·
