3244 4976
735 337 776 402 33

164 521 264 585 voluit
288 521 320 603 (i.
335 539 360 586 e.
384 525 545 604 σημαίνει,
570 539 641 585 nam
664 523 760 601 poeta
782 519 883 604 πάθη
904 519 993 600 quasi
1015 518 1170 600 designat,
1192 537 1253 583 non
1272 518 1338 599 ipse

162 622 329 703 exprimit,
362 622 394 686 id
416 621 500 702 quod
524 620 664 686 canentis
687 619 766 702 est),
797 621 873 686 satis
895 640 956 685 non
980 628 1029 686 est
1051 620 1174 701 singula
1196 620 1339 698 iudicari,

166 721 221 784 sed
253 727 352 785 totum
382 720 543 806 ποιήσεως
570 711 655 804 ἦθος
685 721 912 802 respiciendum
935 727 993 786 est.
1037 722 1229 801 miraeum,
1259 737 1339 800 quac

167 821 252 902 apud
275 821 504 902 Westphalium
528 824 571 904 (p.
584 820 635 904 57)
657 821 807 900 legimus:
830 819 991 902 tDasselbe
1013 821 1071 901 gilt
1092 820 1173 885 auch
1195 839 1255 884 von
1278 820 1338 884 den

167 921 312 1001 Feblern,
336 921 451 986 welche
472 940 534 985 von
553 922 608 984 der
622 920 953 1001 Compositionskunst
966 919 1046 984 beim
1059 919 1337 984 Niederscbreiben

168 1022 197 1084 in
222 1021 281 1086 den
306 1021 543 1086 Musikstocken
578 1020 740 1100 begangen
769 1019 911 1084 werden’.
956 1021 1097 1102 equidem
1121 1020 1268 1085 confiteor
1290 1038 1339 1083 me

170 1140 270 1204 neque
301 1122 375 1207 quid
401 1123 476 1186 baec
500 1121 557 1185 sibi
580 1121 678 1186 velint
701 1141 802 1204 neque
824 1123 979 1204 quomodo
999 1140 1069 1186 cum
1097 1121 1209 1185 ceteris
1229 1119 1339 1184 cobae-
1440 1101 1458 1125 ”’

172 1229 272 1299 ruant,
295 1221 487 1303 intellegere.
530 1224 625 1305 (qnae
648 1222 765 1284 tradita
783 1225 856 1285 sunt
870 1220 919 1286 bis
938 1239 971 1285 se
988 1221 1189 1302 interpretari
1206 1220 1339 1285 voluisse

173 1321 335 1403 Westpbal
358 1324 387 1386 in
411 1323 509 1403 libro,
532 1321 682 1403 quamde
705 1323 890 1387 Aristoxeno
913 1341 942 1387 a.
965 1327 1043 1386 1883
1066 1323 1202 1403 scripsit,
1224 1342 1255 1404 p.
1279 1325 1338 1385 472

171 1421 303 1498 indicat3
343 1422 451 1486 codam
478 1422 547 1487 loco
580 1420 725 1485 dubitare
757 1440 790 1486 se
819 1421 986 1502 profitetur
1013 1421 1051 1486 de
1080 1422 1339 1502 interpretatione

172 1538 240 1600 sue,
259 1522 416 1586 meliorem
432 1526 536 1585 tamen
555 1522 693 1584 nondum
713 1519 890 1602 invenisse.)
934 1540 1010 1585 sana
1028 1522 1131 1585 omnia
1144 1527 1230 1599 sunt,
1253 1520 1340 1584 dum·

171 1621 262 1684 modo
283 1620 455 1702 ςΔεύτερον
476 1622 510 1684 ἐκ
531 1623 587 1706 τῆς
603 1617 774 1709 ποιήσεως·
805 1620 951 1694 deodatae
971 1620 1032 1701 γοὲρ
1052 1621 1107 1684 καὶ
1128 1617 1222 1707 adeas
1243 1621 1340 1684 inter-

172 1719 308 1799 polatori
329 1721 505 1786 reddamus,
547 1724 600 1802 qui
624 1723 749 1802 quidem
772 1720 935 1806 ποιήσεως
956 1723 1144 1786 mentionem
1166 1725 1239 1803 post
1260 1729 1340 1803 μέρη

173 1818 344 1902 ἑρμηνείας
364 1821 559 1886 desideravit
581 1840 679 1902 neque
702 1821 800 1886 sensit
818 1827 957 1886 extremo
972 1821 1073 1902 capito
1089 1840 1157 1886 earn
1169 1823 1340 1902 praestari3

172 1920 238 1984 lure
257 1921 336 1984 idem
359 1921 542 2002 mirabatur,
565 1924 646 2002 qued
667 1925 805 2005 Πρῶτον
827 1927 889 2004 μὲν
910 1920 1072 2003 Δεύτερον
1094 1921 1213 1985 nullum
1236 1919 1340 2000 habet,

171 2020 254 2100 quod
277 2020 304 2084 ei
328 2021 535 2102 respondeat;
556 2022 638 2102 quod
662 2042 736 2087 vero
758 2023 884 2086 invento
908 2040 964 2085 suo
984 2022 1107 2105 utrique
1129 2020 1211 2084 melo
1222 2019 1341 2084 mederi

174 2119 233 2184 sibi
264 2121 347 2184 visus
374 2126 439 2199 est,
469 2122 565 2185 stulte
593 2121 674 2186 fecit.
727 2140 799 2186 nam
820 2123 959 2203 Προῖτον
986 2120 1065 2185 illud
1089 2139 1151 2184 non
1174 2119 1263 2184 modo
1285 2137 1341 2200 per

175 2225 274 2283 toturn
300 2228 397 2302 eaput
418 2223 468 2303 36,
490 2223 546 2286 scd
569 2241 668 2303 usque
689 2221 729 2286 ad
750 2221 842 2286 finem
865 2223 976 2303 capitis
1001 2225 1039 2286 33
1063 2221 1158 2305 (quod
1177 2219 1340 2300 Westpbal

174 2320 328 2400 probabili
359 2323 481 2418 ratione
510 2328 582 2402 post
611 2340 634 2386 c.
663 2323 702 2386 36
731 2324 839 2403 ponit)
875 2323 1013 2403 pertinet
1045 2341 1147 2406 neque
1181 2319 1342 2404 Δεύτερον

175 2420 345 2500 quidquam
367 2420 443 2501 fingi
467 2428 582 2502 potest,
607 2423 688 2503 quod
706 2422 969 2503 argumentationi
988 2422 1078 2487 desit.
1122 2423 1245 2486 omnino
1261 2439 1341 2502 qnae

174 2536 199 2583 c.
221 2523 296 2599 36,3
319 2521 481 2585 dicuntur:
503 2522 592 2602 cartis
615 2523 749 2586 musicae
771 2524 907 2604 peritum
931 2540 994 2585 non
1015 2541 1084 2586 esse
1107 2522 1247 2587 criticum
1270 2521 1341 2585 inde

174 2621 332 2700 cognosci,
361 2621 445 2701 quod
474 2621 505 2684 in
536 2622 654 2686 musica
686 2628 718 2685 et
747 2621 784 2686 da
806 2621 952 2703 perfectis
976 2628 1009 2684 et
1030 2621 1068 2685 de
1088 2621 1276 2702 imperfectis
1298 2622 1341 2685 iu·

172 2718 303 2782 dicetur’
332 2726 396 2784 tem
428 2721 536 2786 inscite
567 2720 649 2784 dicta
680 2726 776 2801 sunt,
807 2726 924 2785 utnon
949 2721 1084 2786 dubitem
1108 2722 1253 2802 quiores
1277 2722 1342 2785 sola

171 2818 369 2898 Aristoxeno,
393 2820 579 2884 annectendi
593 2821 726 2884 formula
740 2826 808 2884 tota
826 2821 903 2900 eiua,
925 2822 979 2902 qui
997 2820 1132 2885 libellum
1148 2822 1342 2903 conscripsit,

171 2917 325 2997 pinguiori
350 2918 475 2999 ingenio
499 2919 660 2983 debeatur.

258 3016 511 3083 Commemoratis
536 3020 634 3100 igitur
655 3019 798 3100 partibus
822 3019 991 3102 ἑρμηνείας
1012 3021 1138 3099 statim,
1167 3036 1248 3099 quae
1269 3020 1341 3097 sint,

174 3115 223 3180 his
244 3118 432 3198 explicetur:
454 3117 659 3200 ὑποκρίνειεν
679 3115 722 3180 ἄν
739 3141 785 3192 τις
803 3117 931 3181 α’κούων
947 3118 1091 3203 αὐλητοῦ
1109 3117 1250 3202 πότερόν
1260 3141 1343 3181 ποτε

171 3218 405 3298 συμφωνοῦσιν
436 3217 467 3280 οἱ
493 3217 585 3281 αὐλοὶ
613 3214 636 3300 ἦ
657 3213 697 3280 or'r'
717 3217 771 3279 καὶ
794 3217 938 3302 πότερον
959 3219 979 3306 ἦ
1003 3217 1168 3293 διάλεκτος
1190 3215 1343 3306 deprigi)

172 3313 374 3380 τούναντίον.
427 3317 602 3381 Volkmann
632 3316 783 3398 aliudue
813 3323 844 3382 ct
875 3319 906 3382 in
934 3320 1136 3401 sequentibus
1167 3318 1343 3402 αὕλῳδικῆς

173 3416 308 3496 scripsit.
362 3420 552 3498 συμφωνεῖν
587 3417 668 3480 enim
708 3416 746 3479 dc
784 3417 866 3481 tibiis
896 3435 965 3481 cum
994 3419 1136 3482 canentis
1166 3437 1237 3482 voce
1269 3437 1342 3482 con·

173 3515 359 3579 sonantibus
379 3515 649 3595 interpretandum
675 3523 781 3581 censet
801 3522 833 3581 et
855 3517 1024 3581 διάλεκτον
1046 3519 1185 3581 canentis
1207 3536 1342 3598 pronon-

173 3615 334 3678 tiationem
356 3615 511 3694 intelligit.
554 3615 719 3678 anrauer
742 3615 862 3696 (Jahrb.
885 3617 975 3698 1880,
998 3616 1072 3700 693)
1102 3636 1169 3681 eum
1201 3617 1343 3700 sequitur

175 3718 207 3776 et
230 3715 261 3777 in
285 3716 450 3779 novissimo
479 3733 604 3798 quoque
627 3715 730 3778 libello
754 3718 795 3795 (p.
822 3719 888 3779 188.
913 3715 985 3798 leo)
1008 3734 1136 3797 prorsus
1159 3720 1254 3794 negat
1275 3713 1343 3778 fieri

172 3830 283 3895 posse,
314 3821 349 3879 ut
380 3815 473 3879 aliter
500 3815 537 3879 de
565 3815 623 3879 boc
651 3815 717 3879 loco
745 3815 926 3880 iudicemus.
977 3817 1029 3880 sed
1061 3823 1190 3896 praeter
1218 3815 1343 3896 duplam

170 3913 361 3978 traditorum
396 3915 560 3978 verborum
589 3915 795 3978 mutationem
826 3916 990 3980 obscurum
1021 3915 1143 3980 dicendi
1171 3932 1269 3994 genus
1290 3914 1343 3976 illa

166 4011 425 4093 interpretatione
471 4014 541 4077 buic
569 4013 636 4078 loco
665 4013 853 4079 obtruditur.
906 4034 976 4080 narn
1012 4022 1044 4079 et
1080 4016 1119 4078 ad
1154 4017 1344 4096 συμφωνεῖν

167 4109 291 4174 dativus
326 4115 371 4194 νῷ
403 4110 519 4199 qi'dorur
551 4112 623 4176 addi
666 4111 815 4192 debebat,
856 4115 929 4195 quia
969 4118 1163 4199 συμφωνεῖν
1200 4113 1344 4176 absolute

218 4219 305 4271 (Gaas.)
1151 4221 1168 4271 3
