3244 4976
611 999 845 1115 Conspectus
874 1005 1012 1118 operis.

767 1165 862 1174 -—

245 1241 270 1298 1.
289 1241 330 1296 Do
348 1241 523 1312 polyphuniu
542 1245 574 1300 ot
594 1244 720 1304 dialecto
739 1243 898 1303 orunttiou

334 1329 375 1384 De
391 1327 455 1384 tari
472 1329 588 1386 inuento
646 1373 1306 1400 ...........

403 1415 438 1471 de
455 1415 588 1472 tibiarum
607 1418 779 1490 polyphonin
838 1458 1306 1476 ........
1381 1420 1398 1476 3

402 1500 437 1557 16
454 1501 569 1558 Pindari
587 1521 670 1560 earm.
689 1504 773 1577 Pyth.
792 1503 818 1560 X
842 1543 1308 1565 ........
1384 1509 1399 1561 5

402 1587 436 1644 de
456 1587 526 1644 huno
544 1593 679 1647 novatore
709 1627 1307 1650 ..........
1375 1587 1401 1647 ’8

333 1674 374 1730 Do
392 1675 514 1731 dialecto
532 1678 685 1734 orumutiou
709 1718 1308 1736 ..........
1368 1679 1402 1734 13

405 1764 439 1819 de
457 1780 522 1819 uooe
542 1764 669 1827 διάλεκτος
708 1804 1307 1824 ..........
1367 1795 1401 1806 -

335 1850 477 1906 Dialeetus
494 1850 647 1906 cromatica
667 1852 740 1922 apud
759 1851 936 1908 Aristotelem
971 1890 1307 1908 ......
1368 1853 1400 1908 15

387 1968 420 1978 -
555 1968 590 1979 -
666 1956 710 2009 ap.
729 1938 926 2010 grammaticos
974 1978 1309 1996 ......
1367 1939 1400 1996 18

387 2054 421 2065 -
555 2055 590 2066 -
666 2042 711 2097 up.
730 2026 859 2082 Photium
906 2065 1307 2084 .......
1366 2025 1399 2080 21

406 2111 473 2181 quid
492 2111 528 2166 rit
548 2111 680 2186 τερετίζειν
711 2153 1309 2171 ..........
1367 2112 1402 2167 22

408 2197 454 2268 qui
474 2196 530 2252 sint
552 2199 639 2270 rlylap
640 2221 1309 2256 ............
1367 2198 1403 2254 23

406 2302 478 2354 quae
497 2284 534 2341 tit
552 2286 664 2354 μάγαδις
710 2325 1309 2344 ..........
1367 2285 1402 2342 26

337 2370 477 2428 Dialeotuo
495 2373 606 2428 nuletue
645 2412 1308 2429 ...........
1365 2373 1400 2428 31

335 2457 476 2515 Dialoetus
495 2458 648 2515 orumutiou
667 2477 710 2530 ap.
732 2459 805 2516 Plut.
824 2461 858 2516 de
877 2478 945 2515 mue.
965 2477 987 2516 e.
1001 2459 1034 2516 21
1104 2498 1111 2515 .
1170 2499 1176 2514 .
1236 2500 1242 2514 .
1301 2497 1308 2513 .
1367 2460 1400 2514 35

233 2564 273 2618 11.
293 2564 334 2620 De
351 2563 474 2621 Pindari
494 2577 527 2620 re
546 2564 657 2622 munior
710 2603 1309 2621 ..........
1368 2562 1401 2618 31

338 2650 378 2706 De
397 2650 589 2708 instrumentis
608 2668 625 2707 a
642 2651 764 2707 Pindaro
783 2649 918 2706 adhibitis

405 2739 439 2793 de
458 2738 646 2810 heptachordo
716 2772 1309 2795 ..........
1366 2732 1402 2788 42

339 2823 378 2878 Do
397 2823 645 2880 instrumentorum
665 2841 778 2880 numero

337 2909 377 2964 De
396 2910 544 2981 coryphaei
562 2910 697 2982 partibus.
725 2908 850 2966 Kiroheri
868 2908 1060 2966 testimonium
1106 2949 1113 2964 .
1172 2948 1178 2962 .
1237 2948 1243 2961 .
1302 2946 1309 2961 .
1366 2905 1401 2960 47

408 2995 442 3051 de
459 2995 537 3052 Nem.
556 2996 581 3063 3,
594 2997 667 3068 tOrq
669 3032 1309 3055 ...........
1368 2990 1400 3047 51

408 3084 442 3139 do
461 3082 536 3139 chori
553 3085 624 3141 duee
650 3117 1310 3140 ...........
1369 3077 1403 3132 54

409 3170 443 3226 (16
463 3169 605 3226 endouimo
647 3201 1310 3226 ...........

339 3259 379 3313 De
398 3259 543 3328 poetarum
563 3255 761 3312 consuetudine
781 3271 837 3310 non
856 3253 966 3326 proprie
984 3252 1116 3324 loquendi
1171 3294 1178 3309 .
1239 3291 1245 3305 .
1304 3290 1310 3305 .
1370 3249 1382 3278 r

409 3342 523 3399 Pindari
540 3342 654 3400 licentia

410 3430 444 3484 de
462 3429 592 3486 castoreo

341 3514 381 3570 De
400 3513 646 3572 instrumentorum
666 3514 738 3571 sonis
756 3513 831 3571 uocis
848 3511 960 3569 silentiu
978 3511 1154 3583 explentibus
1173 3551 1180 3565 .
1238 3548 1245 3564 .
1304 3551 1309 3563 .

409 3600 475 3670 quid
494 3600 532 3656 eit
550 3601 622 3671 (ιἰπό*
640 3601 670 3657 in
689 3601 795 3657 musica
847 3635 1310 3655 ........
1369 3592 1401 3646 71

343 3687 382 3742 Du
401 3686 488 3743 modin
509 3687 622 3744 Pindari
654 3719 1310 3746 ...........
1369 3677 1403 3734 73
