3244 4976
735 362 776 427 65

172 543 273 624 canit3
304 563 332 608 v.
358 545 436 607 1046
458 539 610 606 Hercules
638 539 704 621 ipse
726 540 907 605 καλλίνικοι
931 540 1017 624 κάρα
1040 541 1233 624 appellatur;
1265 544 1338 625 quin

168 648 289 722 iustum
312 641 477 723 epinicium
499 659 527 706 r.
545 644 604 704 348
614 657 659 721 sq.
683 639 709 704 ei
728 641 860 722 canitur,
883 641 967 722 quod
980 642 1074 706 etiam
1088 642 1210 708 dicendi
1223 661 1339 723 genere

170 761 264 825 saepe
287 740 415 806 Pindari
444 740 625 804 memoriam
649 737 737 803 nobis
760 740 883 821 quidem
907 740 1049 823 affert¹l‚
1080 741 1119 806 cl.
1140 760 1170 805 v.
1193 746 1252 806 355
1277 741 1339 824 ἐγώ

168 891 248 928 ,...
268 839 450 924 (Ἡρακλέα)
473 839 617 923 ὑμνῆσαι
636 837 842 922 στεφάνωμα
861 838 1002 924 μόχθων
1022 840 1072 920 (cf.
1095 840 1183 906 Pind.
1206 842 1235 907 J.
1257 843 1340 923 4,44

171 941 216 1026 [3,
228 941 284 1024 61]
312 938 403 1027 ἅψαι
431 940 562 1020 πυρσόν
590 935 701 1022 ὕμνων
723 989 731 1003 .
751 987 759 1002 .
782 988 790 1004 .
811 945 1012 1022 παγκρατίου
1040 939 1265 1023 στεφάνωμα)
1299 941 1340 1004 δι’

172 1042 318 1124 εὐλογίας
340 1040 397 1120 (sic
417 1040 543 1106 victoria
565 1039 673 1104 laudes
695 1045 727 1104 et
742 1039 896 1104 Pindarus
914 1037 955 1105 N.
970 1046 999 1118 4,
1014 1042 1044 1104 5.
1066 1040 1096 1106 J.
1115 1045 1141 1120 3,
1154 1041 1183 1106 3.
1205 1040 1235 1106 J.
1253 1045 1271 1104 6
1290 1039 1339 1122 [5]

172 1145 209 1209 nl
230 1148 262 1206 et
280 1139 429 1206 carminis
447 1138 484 1203 0.
502 1141 522 1204 5
541 1144 652 1204 auctor
670 1158 697 1205 v.
716 1138 1039 1222 mappalienses.
1083 1158 1112 1206 v.
1132 1144 1190 1205 368
1211 1138 1340 1216 ξύνοιδε

171 1239 310 1326 Πηνειός
338 1289 346 1306 .
370 1288 377 1304 .
401 1288 409 1306 .
434 1289 441 1304 .
471 1239 524 1301 καὶ
553 1235 718 1321 Πηλιάδες
746 1237 919 1321 θεράπναι
951 1237 1119 1321 σάγχορτοι
1146 1239 1182 1302 θ’
1204 1238 1341 1322 Ὀμόλας

172 1341 301 1404 ἔναυλοι
323 1339 373 1421 (cf.
396 1339 485 1404 Pind,
508 1339 544 1403 Ο.
566 1342 644 1418 1,83
670 1339 749 1419 ἔγνω
771 1361 822 1403 νιν
943 1338 1099 1404 Πέλλανά
1121 1339 1149 1402 τ’
1167 1338 1282 1421 Αἴγινά
1304 1363 1340 1402 τε

172 1445 327 1520 νικῶντα,
360 1441 396 1505 0.
422 1443 548 1520 11108
577 1437 778 1521 μαρτυρήσει
804 1445 953 1504 Λυκαίου
981 1437 1113 1522 βωμός).
1173 1439 1338 1521 epinicium

174 1540 349 1607 Archilochi
382 1558 506 1622 quoque
533 1538 680 1619 hymnum
709 1537 806 1604 fuisse
833 1557 871 1604 ex
895 1538 990 1604 schol.
1012 1540 1066 1604 Ar.
1088 1542 1145 1604 Av.
1171 1543 1251 1605 1764
1274 1539 1339 1605 effi-

172 1641 330 1720 ciendum,
353 1640 404 1720 qui
427 1639 575 1703 cecinisse
597 1638 676 1703 haec
700 1637 775 1703 dicit
797 1638 1017 1704 Archilochum
1039 1637 1084 1712 εἰς
1103 1639 1163 1702 τὸν
1181 1638 1340 1722 Ἡρακλέα

173 1741 258 1823 μετα
279 1740 337 1803 τόν
359 1730 468 1802 ἆθλον
490 1738 620 1819 Αὐγέου.
661 1738 745 1819 qnod
763 1745 830 1803 tam
847 1740 972 1820 egregie
992 1757 1059 1804 cunr
1078 1757 1163 1804 more
1179 1739 1340 1821 Olympiae

175 1840 345 1906 victoribus
371 1858 442 1904 eum
469 1839 630 1904 accinendi
652 1838 798 1903 convenit
818 1874 860 1886 -
883 1838 1005 1904 devicto
1028 1839 1108 1903 euim
1130 1839 1238 1920 Augen
1260 1839 1339 1904 Her-

175 1939 257 2005 cules
288 1939 380 2004 ludos
402 1939 581 2021 Olympicos
603 1939 741 2003 instituit
769 1939 873 2019 (Pind.
896 1939 932 2004 0.
956 1943 1003 2018 10,
1025 1942 1064 2002 24
1078 1938 1137 2020 sq.)
1160 1975 1198 1986 -
1220 1944 1338 2004 utnon

173 2040 313 2118 videam,
343 2058 405 2120 qua
433 2039 557 2103 ratione
579 2037 799 2103 Eratosthenis
827 2039 1005 2103 testimonio
1030 2037 1123 2103 fidem
1144 2039 1338 2120 abrogemus

257 2140 419 2204 Luctatori
436 2138 644 2220 prarmosto
661 2137 709 2218 (O.
723 2138 754 2220 9)
772 2137 945 2204 Archilochi
959 2137 1106 2219 hymnum
1122 2140 1337 2221 accinuerant3

173 2240 203 2306 J.
224 2246 253 2320 4,
272 2244 310 2303 52
332 2238 376 2322 [3,
392 2238 445 2321 70]
473 2239 580 2305 victori
606 2239 840 2319 pancratiastae
862 2242 1064 2320 comparatur
1085 2238 1253 2320 Hercules,
1285 2240 1339 2320 qui

173 2339 320 2405 luctando
350 2340 505 2403 Antaeum
535 2338 659 2413 vicerit;
698 2344 808 2403 contra
836 2337 865 2404 J.
895 2338 982 2420 1,16
1017 2338 1048 2402 in
1086 2337 1188 2403 curuli
1221 2338 1340 2404 victore

175 2439 313 2504 canendo
346 2439 511 2506 Castorem
551 2435 747 2519 ἱπποδάμου
783 2437 938 2518 celebrat,
977 2437 1042 2518 cui,
1080 2438 1209 2519 perinde
1241 2444 1340 2524 atquc

173 2538 379 2604 Archilochus
398 2537 535 2616 Herculi,
560 2537 641 2603 Jolai
663 2536 772 2602 laudes
791 2537 943 2618 adiungit.
986 2538 1128 2620 equidem
1145 2535 1240 2603 'credo
1256 2556 1340 2604 com·

173 2639 264 2720 plura
293 2639 443 2704 eiusmodi
476 2642 601 2702 vetusta
631 2638 769 2701 carmina
798 2637 894 2702 fuisse
924 2643 956 2702 et
985 2639 1017 2702 in
1049 2638 1217 2720 eligendis
1258 2657 1340 2722 quae

173 2739 282 2802 victori
323 2739 555 2816 occiderentur,
594 2736 749 2801 factorum
782 2736 1016 2802 similitudinem
1050 2742 1226 2819 spectatam
1259 2756 1337 2804 esse.

172 2838 309 2902 Pindaro
329 2843 454 2915 autem,
482 2843 517 2900 ut
539 2835 702 2917 praeconis
723 2835 898 2915 interdum,
928 2837 974 2900 ita
995 2855 1101 2901 eorum
1123 2854 1247 2918 quoqne
1268 2856 1340 2919 per·

173 2955 281 3002 sonam
304 2937 434 3000 induere
452 2935 579 3017 placuit,
603 2934 658 3017 qui
680 2934 841 2998 victoriam
863 2935 953 2999 modo
975 2940 1085 3000 nactos
1106 2937 1175 3016 ipso
1191 2936 1337 3002 ludorum

172 3036 241 3102 loco
261 3040 387 3100 vetusto
411 3035 547 3099 carmine
569 3038 849 3114 prosequerentur3
871 3033 930 3098 hoc
950 3035 1003 3098 ubi
1019 3034 1166 3115 fingebat,
1190 3053 1235 3114 ea,
1257 3054 1338 3116 quae

172 3135 282 3199 victori
304 3133 405 3199 curuli
428 3133 577 3212 canebat,
609 3129 751 3196 Castorei
781 3131 849 3196 loco
881 3138 982 3197 erant.
1026 3133 1097 3198 hinc
1118 3152 1241 3199 carmen
1263 3134 1296 3198 P.
1319 3139 1337 3197 2

174 3233 359 3300 Castoreum
382 3232 469 3312 dixit,
492 3231 634 3313 quamvis
656 3249 695 3294 ne
717 3231 844 3296 verbum
866 3232 992 3313 quidem
1013 3232 1088 3296 insit
1106 3232 1144 3296 de
1163 3232 1337 3314 Castore').

257 3331 424 3396 Praeterea
454 3336 559 3394 autem
590 3348 609 3394 a
638 3334 765 3394 vetusto
792 3329 845 3394 illo
869 3331 1038 3396 carminum
1060 3349 1174 3411 genere
1195 3332 1338 3396 liberiora

172 3431 379 3512 posteriorum
409 3437 582 3511 temporum
607 3428 737 3510 epinicia
760 3429 910 3510 originem
933 3430 1060 3496 duxissa
1086 3449 1153 3496 cum
1176 3432 1242 3513 ipse
1264 3431 1337 3495 Pin-

173 3531 267 3595 darus
297 3529 349 3593 illo
380 3529 522 3594 Castorei
548 3529 680 3594 nominis
709 3547 766 3592 usu
796 3528 934 3594 indicare
964 3529 1105 3609 videtur,
1134 3536 1200 3593 turn
1221 3547 1279 3610 per
1302 3547 1336 3592 se

172 3630 239 3695 veri
261 3629 360 3693 simile
382 3633 441 3692 est.
483 3629 565 3710 quod
587 3628 626 3692 ad
645 3627 843 3693 iudicandam
859 3627 991 3693 Pindari
1008 3628 1180 3694 carminum
1201 3627 1336 3694 indolem

243 3859 268 3923 1)
286 3855 352 3910 hinc
370 3873 479 3925 quoquo
497 3856 669 3927 perspicitur,
688 3873 771 3924 quam
790 3858 879 3911 mulla
897 3856 1048 3912 inPindari
1067 3874 1192 3912 sermono
1209 3855 1336 3912 sollemni

173 3942 283 3997 dicendi
301 3943 363 3998 ueni
382 3942 536 3998 debeantur
554 3942 599 4012 (of.
618 3941 805 3998 Wilamowitz
824 3943 899 4013 lsyll.
918 3962 944 3998 v.
962 3942 1040 4013 Epid.
1060 3962 1086 4013 p.
1098 3943 1148 3996 166
1166 3943 1229 3997 adn.
1248 3944 1300 4013 15).

240 4044 266 4112 2)
287 4045 316 4100 0.
339 4047 360 4110 l,
375 4047 425 4100 104
444 4061 564 4114 quoque,
585 4044 632 4098 ubi
648 4047 737 4098 toturn
752 4063 863 4101 carmen
881 4048 910 4101 Ο.
927 4049 937 4101 1
960 4053 1034 4108 νόμος
1051 4048 1153 4106 abactae
1169 4045 1335 4116 appellatur,

171 4130 228 4184 veri
247 4130 337 4186 simile
356 4135 398 4187 est
417 4135 495 4188 vetus
513 4131 583 4185 illud
602 4131 764 4187 castoreum
782 4132 880 4204 respici
899 4133 945 4203 (cf.
966 4133 1066 4188 Christ.
1084 4134 1166 4188 Matr.
1184 4132 1254 4201 078).

221 4243 302 4292 aaran.
1144 4228 1161 4280 5
