3244 4976
863 347 904 412 ⁶20

299 535 473 596 ceterorum
496 529 674 595 animalium
699 547 788 594 voces
807 529 856 593 hic
873 528 986 593 afferre
1004 529 1122 612 debuit,
1145 530 1177 594 id
1200 530 1281 611 quod
1303 530 1371 596 loco
1393 549 1463 595 con-

298 649 377 711 gruo
406 630 436 693 11
456 631 510 694 ia
539 628 607 694 fieri
642 630 799 710 videmuS,
837 629 889 694 ubi
925 631 1007 694 inter
1046 629 1224 713 α’σήμαντα
1253 631 1464 713 ἐγγράμματα

298 733 474 797 afferuntur
494 731 549 795 κοΐ
568 737 599 795 et
620 733 837 813 βρεκκεκεκέξ,
860 731 973 811 qnippe
995 748 1078 813 quae
1093 730 1207 796 litteris
1224 731 1317 795 scribi
1334 732 1465 812 possint.

298 833 408 915 itaque
431 832 476 895 Il
501 849 569 895 cum
593 830 724 894 dialecto
746 829 928 895 Aristotelis
958 831 1132 911 comparari
1160 837 1282 910 potest,
1314 831 1404 894 modo
1427 849 1465 894 ne

297 929 509 1013 ἐγγραμματα
538 949 608 996 cum
635 929 742 994 latinis
764 930 978 1010 grammaticis
1000 949 1037 994 ea
1060 931 1125 994 sola
1146 931 1355 1012 appellemus,
1384 948 1465 1010 qnae

297 1031 391 1095 scribi
413 1034 556 1112 possunt,
579 1030 634 1094 sed
658 1048 765 1093 omnes
787 1047 898 1104 sonos,
921 1048 1052 1111 qnorum
1075 1036 1180 1094 certae
1201 1036 1310 1111 partes
1332 1034 1465 1109 possunt

297 1131 466 1210 distingui,
505 1131 602 1210 ipsius
637 1129 816 1193 Aristotelis
846 1129 1018 1211 exemplum
1050 1136 1234 1211 sequentes,
1274 1131 1326 1210 qui
1364 1130 1467 1193 arium

297 1231 400 1294 cantui
427 1228 604 1311 γράμματα
632 1228 753 1293 tribuit.
796 1234 906 1293 contra
926 1229 990 1293 111
1015 1249 1084 1294 cnm
1104 1248 1158 1311 ee,
1189 1230 1270 1313 quod
1292 1236 1361 1294 erat
1383 1230 1464 1310 apud

298 1331 368 1395 Sex.
391 1330 580 1409 Empiricum
605 1329 826 1411 διαλέγεσθαι,
850 1329 982 1394 conferri
1002 1335 1117 1410 potest.
1161 1348 1232 1394 nam
1255 1331 1338 1410 qrrod
1362 1331 1391 1394 ll
1413 1332 1426 1394 l
1450 1330 1468 1393 b

299 1428 456 1511 συρισμός
485 1434 606 1494 tantum
629 1429 763 1494 hominis
784 1436 1061 1509 commemoratur,
1092 1431 1143 1510 qui
1166 1428 1321 1510 significet
1342 1429 1468 1510 aliquid,

298 1529 354 1594 sed
395 1530 510 1595 litteris
547 1530 640 1594 scribi
673 1535 827 1611 nequeat,
867 1529 940 1594 licet
965 1530 1036 1595 hnic
1065 1531 1205 1612 exemplo
1236 1530 1354 1594 addere
1382 1531 1468 1594 canis

297 1628 466 1711 latratum,
496 1631 550 1711 qui
573 1636 605 1695 et
627 1631 702 1695 Ida
731 1629 814 1694 inter
840 1628 1041 1712 αγροέμματα
1065 1629 1249 1714 opponenti
1281 1629 1412 1694 affertur
1434 1640 1467 1692 et
1566 1673 1567 1676 ,

298 1728 379 1808 apud
404 1729 533 1794 Sextum
555 1731 696 1794 interea
718 1729 858 1812 exempla
882 1737 939 1812 est,
964 1731 1075 1811 quibus
1093 1730 1240 1794 animalia
1255 1731 1469 1812 διαλέγεσθαι

296 1828 431 1909 probare
453 1836 594 1895 conatur.
641 1833 797 1912 posterior
811 1848 920 1895 vocum
938 1830 1117 1894 distributio
1141 1830 1196 1912 (ll)
1218 1830 1352 1894 fortasse
1373 1829 1467 1912 Apol-

298 1927 379 1992 lonio
414 1929 462 1993 vel
495 1929 675 1995 Herodiano
715 1931 866 2009 debetur,
903 1947 974 1993 nam
1004 1931 1085 2011 apud
1118 1930 1314 1994 Priscianum
1347 1949 1467 2010 quoque

298 2027 339 2108 (p.
361 2029 447 2109 511.)
472 2034 587 2094 exstat.
629 2029 713 2094 Max.
730 2029 910 2094 Victorinus
931 2029 974 2112 (p.
997 2032 1067 2109 189)
1089 2035 1190 2094 utram
1213 2031 1297 2111 sequi
1322 2030 1465 2106 voluerit,

297 2144 359 2192 non
382 2129 460 2192 satis
481 2129 614 2194 dilucide
634 2132 844 2210 cognoscitur,
867 2148 936 2194 cum
962 2147 1039 2193 sana
1061 2130 1181 2194 ratione
1203 2130 1345 2210 neglecta
1363 2149 1465 2194 vocem

298 2225 419 2291 dividat
441 2228 713 2308 inarticulatam,
735 2247 814 2309 qnae
837 2229 878 2293 sit
900 2230 1054 2294 hominum
1079 2232 1310 2310 tantummodo,
1341 2238 1374 2294 et
1395 2249 1467 2294 con-

297 2326 416 2406 fusam,
441 2345 522 2409 quae
543 2328 638 2392 scribi
660 2346 722 2392 non
746 2330 853 2409 possit.
898 2328 940 2411 (in
964 2329 1149 2393 scholiorum
1172 2330 1312 2411 Dionysii
1336 2339 1467 2412 utroque

298 2426 365 2490 loco
391 2426 483 2490 simili
511 2428 722 2493 inconstantia
753 2435 862 2492 contra
892 2430 1045 2494 rationem
1077 2429 1236 2493 dividendi
1263 2448 1374 2510 perse
1396 2449 1468 2494 eon·

301 2532 483 2590 sentaneam
513 2527 571 2590 sub
600 2532 613 2590 1
647 2526 798 2591 humanae
835 2531 956 2590 tantum
987 2528 1071 2591 vocis
1101 2528 1240 2609 exempla
1271 2527 1468 2610 afferuntur).

298 2624 379 2705 apud
402 2623 536 2688 Marium
556 2624 751 2692 Victorinum
774 2622 817 2706 (p.
830 2623 874 2706 d),
894 2626 947 2705 qui
970 2624 1204 2704 angustioribus
1228 2627 1369 2691 terminis
1387 2628 1469 2690 vocis

299 2721 484 2785 articulatae
513 2723 669 2786 notionem
698 2723 937 2804 circumscribit,
969 2741 1036 2788 enm
1065 2742 1131 2786 eam
1162 2741 1231 2788 esse
1261 2726 1350 2804 dicit,
1387 2741 1467 2806 qnae

299 2819 409 2882 audita
429 2819 624 2900 intelligatur
646 2825 678 2882 et
701 2819 856 2884 scribatur
877 2821 909 2903 (i.
930 2839 957 2884 e.
980 2821 1054 2885 lla
1078 2847 1118 2872 =
1141 2822 1171 2886 Il
1186 2823 1198 2886 1
1213 2823 1259 2901 a),
1287 2840 1372 2884 mero
1394 2839 1469 2886 casu

300 2916 348 2981 vel
371 2920 475 2998 potius
502 2935 588 2982 mera
611 2917 749 2983 stultitia
772 2917 880 2998 Marii,
912 2936 1004 2999 quem
1031 2936 1159 3000 prorsus
1186 2918 1306 2983 latebat
1335 2921 1467 3000 speciem

300 3016 450 3079 musicam
479 3018 562 3081 vocis
583 3019 772 3083 articulatae
794 3036 884 3096 eum,
915 3035 1008 3099 quem
1032 3018 1212 3098 exscripsit,
1242 3018 1280 3081 de
1302 3037 1379 3082 voce
1401 3020 1469 3081 δια-

300 3115 482 3196 capparim}
500 3114 632 3195 intelligi
654 3116 806 3196 voluisse,
838 3115 1116 3181 instrumentorum
1139 3117 1205 3181 soni
1230 3116 1260 3179 in
1283 3117 1369 3181 vocis
1391 3119 1469 3181 arti-

300 3211 423 3276 culatae
451 3211 528 3277 fines
550 3215 735 3277 inciderunt.
781 3215 822 3278 ad
844 3213 925 3277 hanc
945 3215 1026 3276 enim
1049 3217 1330 3280 instrumentorum
1352 3216 1470 3280 musica

300 3331 359 3375 non
380 3318 486 3392 potest
508 3313 567 3376 nisi
590 3319 626 3376 ut
648 3311 872 3394 ἐγγράμματος
892 3311 1084 3398 α’σήμααιος
1106 3314 1132 3396 (1
1145 3315 1201 3396 lb)
1223 3314 1334 3379 referri
1354 3321 1386 3380 et
1409 3314 1469 3380 hoc

300 3529 430 3584 collectos
449 3529 578 3584 invenies.
620 3530 720 3584 mirum
745 3547 811 3584 sane
836 3532 893 3596 est,
919 3531 994 3598 quod
1018 3532 1070 3584 hoc
1092 3531 1265 3601 potissimum
1292 3533 1469 3602 grammatici

301 3616 392 3670 inanis
416 3617 490 3670 vocis
517 3616 642 3687 exemplo
668 3617 801 3682 utuntur,
835 3634 891 3671 non
922 3618 1090 3686 φλαττοθρατ
1116 3618 1161 3672 vel
1187 3617 1336 3685 similibus3
1368 3619 1466 3674 etenim

301 3704 437 3764 σκίνδαψος
461 3702 640 3757 instrumenti
665 3702 761 3756 musici
784 3719 885 3757 nomen
908 3703 1063 3772 antiquitus
1087 3704 1158 3774 futu
1183 3704 1330 3774 quodiam
1349 3705 1470 3760 Galenus

301 3788 361 3843 loco
386 3807 403 3842 a
427 3789 553 3843 Fabricio
577 3790 692 3843 laudato
716 3791 813 3844 contra
836 3791 909 3844 hunc
934 3792 1177 3860 grammaticorum
1195 3809 1274 3846 usum
1294 3793 1415 3858 monuit,
1442 3795 1470 3847 et

303 3875 464 3929 Athenaeus
484 3875 523 3930 IV
542 3894 563 3929 c.
583 3876 614 3930 81
637 3876 772 3931 Anaxilae
797 3876 894 3931 comici
913 3877 1085 3946 aliorumque
1103 3878 1184 3942 locis,
1212 3877 1312 3946 quibus
1329 3878 1412 3931 huius
1428 3877 1470 3932 in·

302 3961 611 4027 strumentimentiofit‚
631 3963 783 4017 confirmat.
822 3964 932 4034 gemino
951 3981 1003 4018 usu
1021 3964 1182 4033 τραγέλαφος,
1203 3981 1263 4018 oum
1279 3963 1309 4017 in
1320 3963 1472 4034 proverbiis

302 4047 381 4116 quasi
399 4064 451 4102 vox
469 4047 560 4102 inanis
583 4049 642 4103 soni
661 4067 724 4104 cum
742 4051 886 4121 scindapso
904 4051 1049 4120 iungatur,
1067 4067 1084 4102 a
1102 4048 1192 4103 Plinio
1212 4052 1307 4104 lamen
1325 4052 1358 4104 ut
1378 4051 1473 4116 bestia,

302 4151 373 4202 quae
393 4151 457 4189 vere
477 4135 520 4196 eit,
540 4135 710 4192 describitur.
