3244 4976
802 385 843 448 28

233 567 400 650 σάλπιγγι,
431 566 551 652 σύριγγι
573 567 611 630 δὲ
629 564 792 646 Ἀρκάδες,
822 564 947 628 Σικελοὶ
971 563 1009 626 δὲ
1031 565 1185 645 πηκιίσιν
1205 561 1260 624 καὶ
1283 563 1404 646 Κρῆτες

233 667 316 752 λύρα
327 669 382 731 καὶ
393 667 518 733 Λακεδ.
534 666 623 748 αὐλῷ
644 671 702 730 etc.
747 683 820 728 nam
836 663 959 728 Siciliae
973 669 1100 743 propter
1114 661 1221 742 poesin
1235 660 1405 724 bucolicam

236 766 344 832 fistula
365 770 494 850 propria
512 775 578 846 est;
600 783 692 848 quarn
716 766 743 829 si
766 783 827 829 non
844 763 986 829 Clemens
1007 764 1083 843 ipse,
1106 762 1159 843 qui
1177 760 1257 824 mele
1269 759 1410 841 pectides

237 884 257 930 a
287 869 412 949 syringe
451 867 631 948 distinguit,
672 871 706 928 at
743 870 852 930 auctor
883 864 994 928 borum
1022 862 1211 942 ineptiarum
1243 861 1275 924 in
1306 860 1410 924 animo

236 967 360 1033 hebuit.

322 1067 366 1132 Ut
390 1067 429 1131 ad
451 1065 647 1145 magadidem
671 1065 778 1129 tibiam
802 1062 982 1142 veniamus,
1005 1062 1090 1126 solus
1112 1061 1166 1124 Ion
1189 1079 1256 1124 earn
1280 1077 1410 1123 comme-

236 1169 374 1232 moravit
403 1165 460 1231 hoc
481 1185 593 1229 versu:
631 1164 753 1247 ςΛυδός
778 1186 814 1226 τε
842 1161 982 1246 μάγαδις
1011 1161 1109 1235 αδλδς
1138 1160 1285 1248 ἡγείσθω
1315 1160 1410 1245 βοῆςῖ

239 1267 430 1347 singularem
452 1265 534 1330 hanc
557 1267 743 1330 mentionem
766 1265 862 1330 fuisse
882 1263 930 1328 vel
949 1263 1020 1327 inde
1038 1262 1149 1341 elucet,
1172 1261 1256 1342 quod
1276 1260 1409 1335 fuerunt,

237 1367 291 1449 qui
328 1377 437 1431 contre
474 1371 607 1430 metrum
645 1389 681 1428 ιε
711 1372 785 1448 post
820 1363 919 1437 αὐλός
954 1364 1145 1442 insererent3
1186 1380 1264 1443 quos
1294 1359 1410 1424 refutat

239 1466 394 1547 Didymus
408 1465 545 1545 (Boeckh
558 1485 587 1546 p.
601 1464 690 1547 965);
713 1464 914 1529 Aristarchus
934 1470 1024 1546 γένος
1041 1461 1144 1526 αὐλοῦ
1166 1461 1410 1542 interpretatum

239 1566 321 1646 quod
349 1585 387 1629 ex
414 1567 488 1646 ipsis
518 1565 622 1631 verbis
646 1563 768 1629 efficere
796 1569 933 1646 poteret.
975 1564 1127 1644 Didymus
1149 1561 1291 1644 μάγαδιν
1312 1561 1412 1625 aalide

239 1664 356 1729 dictum
378 1684 447 1730 esse
469 1671 562 1746 putat
582 1672 618 1731 ut
639 1663 923 1746 προςαυλαάμενον
942 1668 984 1748 τῇ
1003 1664 1170 1746 μαγάδιδι,
1192 1663 1276 1744 quod
1297 1664 1410 1727 mirum

237 1764 383 1846 loquendi
407 1784 504 1846 genus
527 1772 630 1846 esset3
660 1767 794 1830 maxime
817 1773 922 1828 autem
947 1765 1136 1844 miraeum,
1160 1782 1241 1848 quae
1265 1763 1410 1845 Tryphon

239 1871 319 1930 teste
345 1867 505 1930 Athenaeo
528 1866 584 1940 (IV
603 1884 629 1929 c.
651 1863 703 1947 80)
733 1865 819 1929 dicit.
867 1865 894 1928 is
924 1865 1004 1928 enim
1033 1863 1178 1945 μάγαδιν
1206 1861 1312 1928 aalide
1341 1881 1410 1927 eum

238 1966 475 2046 interpretetur,
499 1967 553 2050 qui
577 1966 613 2029 ἐν
634 1964 745 2046 vadaei
766 1964 847 2040 δξδν
868 1965 922 2026 καὶ
945 1963 1052 2047 βαρδν
1068 1962 1214 2047 φθόγγον
1231 1964 1410 2027 ἐπιδείκνυ-

238 2089 301 2147 ται,
342 2072 375 2130 et
412 2064 575 2130 confirmat
613 2066 671 2130 hoc
709 2084 802 2130 versu
834 2064 1078 2128 Anaxandridae
1115 2082 1152 2127 ex
1182 2063 1407 2144 Hoplomaoho:

232 2164 385 2247 μάγαδιν
412 2164 546 2252 λαλήσω
575 2166 690 2248 μικρὸν
720 2164 792 2247 ἅμα
822 2183 873 2228 σοι
902 2164 955 2226 καὶ
986 2164 1086 2245 μέγά.
1131 2166 1212 2228 unde
1235 2165 1291 2229 hoc
1315 2182 1408 2228 unum

237 2265 420 2330 concludere
451 2266 525 2330 licet
553 2267 632 2330 certi
660 2265 737 2329 nihil
766 2270 889 2329 veteres
921 2266 959 2328 de
980 2265 1037 2328 hec
1058 2263 1135 2328 tibia
1157 2265 1291 2328 scivisse.
1336 2283 1408 2327 nam

239 2382 338 2445 neque
359 2365 601 2430 Anaxandridae
630 2384 753 2429 versum
780 2370 829 2429 est
859 2384 915 2430 cur
943 2365 984 2428 ad
1009 2365 1119 2430 tibiam
1139 2366 1338 2446 potissimum
1361 2383 1409 2428 re-

239 2465 387 2544 feramus,
411 2485 511 2549 neque
533 2485 626 2550 quam
649 2465 800 2530 describit
820 2465 945 2547 Trypho
969 2465 1066 2529 tibiae
1090 2465 1235 2547 indolem,
1257 2465 1331 2547 quid
1349 2465 1406 2528 sibi

238 2564 324 2645 velit,
348 2564 481 2645 intelligi
512 2571 626 2646 potest.
679 2583 715 2630 ae
737 2565 874 2630 Geraert
901 2565 1024 2647 quidem
1053 2565 1096 2644 (ll
1117 2565 1189 2646 275)
1213 2565 1312 2628 crodit
1335 2565 1409 2629 tibi-

238 2665 336 2729 cinem
351 2664 510 2729 celerrimo
529 2684 548 2729 a
570 2666 712 2744 graviore
734 2665 774 2728 ed
790 2683 899 2730 sonum
916 2665 1064 2746 diaposon
1083 2666 1252 2729 acutiorem
1270 2665 1407 2728 transitu

236 2770 406 2829 concentus
440 2765 674 2830 similitudinem
713 2764 869 2842 effecisse;
910 2765 965 2829 sed
996 2766 1134 2829 Geveert
1172 2767 1203 2828 in
1235 2784 1270 2829 eo
1302 2783 1408 2828 errore

235 2870 399 2941 versatur,
432 2865 513 2946 quod
546 2865 638 2929 tibias
668 2865 790 2929 iunctas
819 2883 837 2928 a
865 2866 1024 2929 veteribus
1048 2864 1187 2930 adhiberi
1210 2866 1317 2929 solitas
1339 2883 1408 2928 esse

236 2964 361 3028 omniuo
384 2972 495 3043 negat,
523 2983 590 3029 cum
621 2984 655 3028 re
684 2984 760 3030 vera
784 2965 868 3029 solae
890 2966 956 3030 fere
978 2967 1009 3029 in
1030 2984 1090 3030 usu
1112 2965 1237 3029 fuerint.
1280 2983 1405 3046 gravem

138 3106 142 3112 -
237 3070 268 3127 et
290 3069 416 3128 acutum
441 3083 550 3129 sonum
575 3065 660 3129 nulla
683 3066 761 3130 tibia
785 3084 846 3130 non
868 3085 930 3130 una
955 3067 1077 3130 edebat.
1122 3085 1192 3129 nam
1218 3085 1317 3146 neque
1339 3063 1406 3128 fiori

235 3164 356 3242 potuit,
388 3169 424 3228 ut
452 3164 564 3245 aliquis
593 3165 674 3230 duos
705 3165 840 3230 calamos
869 3166 901 3229 in
924 3184 977 3229 ore
1000 3172 1110 3230 tenens
1133 3167 1263 3229 invicem
1286 3183 1339 3228 eos
1362 3166 1408 3227 in-

235 3259 335 3340 flaret,
358 3281 460 3344 neque
483 3265 514 3326 in
536 3264 644 3327 auleta
666 3264 863 3329 observatum
885 3273 978 3342 esset,
1002 3283 1074 3328 num
1091 3265 1187 3328 tibiae
1199 3272 1407 3328 consonarent

236 3360 332 3442 (Plut.
362 3362 391 3427 d.
415 3381 493 3427 mus.
517 3365 556 3428 36
586 3383 614 3428 v.
638 3362 749 3444 inira),
792 3365 853 3427 nisi
884 3362 993 3428 ambas
1036 3364 1129 3427 simul
1167 3363 1327 3441 inflasset3
1366 3365 1406 3427 ad

236 3460 366 3524 eundern
388 3468 493 3528 eutem
515 3481 622 3527 sonum
646 3463 801 3526 edendum
823 3463 912 3527 binas
935 3463 1028 3528 tibias
1050 3465 1194 3544 usurpari
1212 3464 1321 3528 solitas
1338 3483 1406 3528 esse

235 3561 374 3641 cogitare
402 3562 563 3626 absonum.
607 3563 742 3626 omnium
766 3562 865 3642 igitur
887 3563 1035 3627 tibiarum
1059 3571 1124 3643 est,
1148 3565 1232 3645 quod
1257 3564 1405 3646 Tryphon

235 3660 292 3725 soli
320 3661 481 3742 megadidi
510 3662 657 3726 tribuisse
689 3662 811 3726 dicitur.
861 3663 893 3727 in
916 3662 1158 3728 Anaxandridae
1184 3670 1289 3728 autem
1314 3684 1404 3729 vorsu

233 3759 378 3843 μάγαδιν
399 3780 460 3826 non
483 3768 547 3825 tarn
569 3761 813 3826 instrumentum
835 3780 928 3842 quam
950 3763 1076 3827 modum
1097 3763 1261 3844 significat.
1305 3784 1404 3847 neque

233 3859 330 3924 ullum
352 3860 415 3925 fere
437 3866 487 3926 est
508 3861 707 3926 instrumenti
729 3879 851 3943 nomen,
883 3862 965 3943 quod
987 3881 1048 3927 non
1072 3864 1166 3928 etiam
1187 3865 1268 3928 modi
1291 3884 1402 3930 nomen

233 3960 275 4024 sit
296 3959 346 4041 (cl.
368 3959 444 4024 Poll.
468 3961 511 4025 IV
533 3961 606 4044 83);
628 3961 666 4026 de
688 3962 855 4042 magadide
876 3962 1003 4042 insuper
1024 3961 1225 4028 Philochorus
1248 3963 1298 4030 l.l.
1322 3965 1404 4030 hunc

233 4077 327 4124 usum
346 4067 496 4137 testatum
518 4062 594 4125 item
610 4061 765 4142 Diogenes
783 4063 925 4143 tragicus
942 4063 972 4125 in
986 4063 1106 4127 Semela
1117 4062 1242 4145 (Athen.
1254 4065 1405 4147 XIV38):

233 4157 319 4223 κλύω
337 4158 455 4234 Λνδάς
552 4157 702 4243 ’Ἄρτεμιν
723 4165 833 4243 σέβειν
