3244 4976
807 339 849 403 68

247 520 450 604 gravissima,
489 518 530 586 ad
562 536 655 600 quam
685 515 917 584 dilucidandam
947 534 1008 582 non
1038 515 1136 598 ipsius
1164 515 1292 581 Pindari
1322 515 1410 581 testi·

247 622 402 702 monium,
424 620 477 685 sed
500 618 666 702 peculiaris
688 619 858 684 carminum
881 617 947 682 eius
968 616 1087 682 indoles
1110 615 1249 681 nonnihil
1271 615 1411 682 conferre

247 721 321 787 mihi
343 721 475 785 videtur.

331 821 417 886 Solet
447 818 527 884 enim
552 817 708 884 Pindarus
737 815 939 898 stropharum
966 819 1234 900 systematumque
1262 815 1413 882 terminos

247 921 406 988 artissimo
445 918 621 984 sententiae
655 935 775 983 conexu
815 915 1000 981 transsilire.
1057 916 1141 998 quod
1175 922 1261 981 recte
1293 916 1415 982 Orolaet

248 1020 291 1104 (p.
310 1020 363 1100 84)
394 1019 435 1084 ad
467 1019 577 1083 modos
605 1018 718 1082 leniter
748 1022 911 1082 currentes
938 1015 1045 1081 refert.
1096 1017 1149 1080 sed
1177 1021 1280 1081 tamen
1304 1017 1412 1100 aliquo

248 1119 340 1184 rnodo
362 1136 490 1184 necesse
513 1125 583 1182 crat
603 1117 782 1182 incisionem
807 1116 1002 1198 perspicuam
1025 1116 1102 1181 ficri.
1146 1134 1203 1181 nec
1225 1117 1328 1197 video,
1351 1133 1414 1198 quo

248 1218 308 1283 alio
337 1218 427 1284 modo
458 1217 516 1282 hoc
545 1217 612 1282 fieri
641 1216 799 1298 potuerit,
832 1215 891 1280 nisi
914 1216 1108 1297 interpositis
1131 1217 1413 1281 instrumentorum

247 1319 349 1401 sonis,
378 1318 430 1399 qui
459 1318 549 1399 quasi
579 1316 739 1397 sequentis
770 1313 919 1395 strophae
948 1316 1142 1397 prooemium
1172 1322 1289 1382 essent.
1331 1315 1414 1396 Vogt

248 1418 301 1500 (de
331 1417 439 1482 metris
467 1416 595 1481 Pindari
623 1415 698 1481 diss.
727 1416 895 1495 Angenior.
926 1414 986 1480 vol.
1013 1415 1057 1480 lV
1082 1434 1113 1498 p.
1135 1415 1189 1497 71)
1221 1420 1316 1496 negat
1349 1415 1415 1479 veri

249 1518 349 1582 simile
372 1535 442 1582 esse
462 1517 504 1598 tin
526 1515 716 1581 carminibus
739 1515 905 1580 cantandis
929 1521 1057 1580 cantum
1079 1533 1187 1581 vocum
1207 1515 1414 1580 humanarum

249 1619 460 1699 interruptum
482 1634 552 1681 esse
573 1616 762 1681 musicorum
785 1615 1061 1680 instrumentorum
1084 1617 1168 1681 sonis
1188 1635 1288 1699 neque
1303 1617 1334 1680 iu
1354 1615 1416 1680 fine

249 1735 395 1782 versuum
426 1735 526 1799 neque
556 1716 587 1779 in
618 1714 680 1779 fine
709 1714 906 1796 stropharum
937 1733 1036 1796 neque
1061 1716 1092 1780 iu
1113 1715 1175 1781 fine
1196 1720 1415 1798 systematum,

248 1817 360 1899 quibus
383 1816 510 1881 insertis
532 1814 652 1879 multae
673 1815 851 1880 sententiae
873 1815 1049 1896 discerptae
1066 1816 1106 1879 ab
1125 1816 1270 1881 auditore
1282 1816 1415 1895 intelligi

250 1934 310 1981 non
341 1915 539 1997 potuissent'.
598 1914 710 1978 slmilira
737 1915 818 1978 idem
846 1913 924 1979 Phil.
948 1917 1026 1980 Anz.
1047 1915 1123 1980 XIII
1144 1934 1174 1997 p.
1197 1920 1257 1980 663
1286 1915 1416 1996 profert.

249 2016 303 2080 sed
327 2017 357 2080 in
379 2034 441 2097 quo
465 2032 521 2080 nos
543 2013 633 2078 valde
654 2013 891 2095 offenderemus,
914 2033 976 2078 non
1000 2014 1166 2080 offendIsse
1187 2014 1324 2080 Graecos
1346 2016 1415 2080 dra-

249 2121 367 2181 matum
392 2113 630 2196 stichomythiac
652 2114 778 2192 docent,
808 2113 861 2178 ubi
890 2114 1070 2196 saepissime
1091 2115 1291 2196 aequalitatis
1314 2117 1416 2196 gratia

250 2216 416 2280 enuntiata
438 2214 568 2280 alterius
591 2215 693 2279 verbis
713 2214 870 2278 sententia
884 2232 1012 2295 prorsus
1028 2214 1170 2296 neglecta
1186 2215 1417 2298 discerpuntur.

249 2315 335 2396 quod
358 2314 458 2380 multo
480 2315 640 2380 molestius
663 2313 746 2380 ferre
765 2313 939 2379 debuerunt
960 2331 1055 2396 quarn
1076 2316 1159 2398 quod
1177 2315 1259 2396 Vogt
1277 2334 1331 2380 eos
1354 2334 1415 2381 non

251 2415 438 2480 toleraturos
462 2414 556 2480 fulsse
579 2415 762 2479 arbitratur.

332 2513 394 2579 Sed
427 2513 465 2579 de
491 2514 770 2580 iustrumentorum
801 2531 925 2596 quoque
955 2515 1040 2580 sonis
1069 2515 1247 2581 testimonio
1274 2515 1320 2579 uti
1344 2513 1417 2578 licet

251 2613 472 2696 Aristophanis
494 2614 777 2698 (Ram.1286sq.),
803 2615 856 2695 qui
877 2613 1059 2696 Euripidem
1082 2615 1298 2698 φλαττοθρατ
1325 2632 1417 2678 suum

250 2712 396 2795 Aeschyli
433 2714 576 2780 versibus
609 2713 740 2795 singulls
769 2715 1021 2794 interponentem
1051 2733 1113 2778 non
1145 2714 1322 2793 induceret,
1359 2713 1418 2777 nisi

250 2813 331 2894 apud
343 2812 529 2896 Aeschylum
550 2822 691 2879 crumata
710 2814 837 2896 perinde
852 2832 885 2879 se
902 2813 1093 2880 habuissent.
1134 2813 1300 2878 manifesta
1313 2818 1416 2878 autem

250 2912 359 2977 horum
388 2912 545 2996 Euripidis
573 2932 719 2980 versuum
748 2913 787 2978 ab
818 2914 1016 2978 antecedenti
1049 2919 1144 2978 cautu
1172 2932 1211 2978 ea
1242 2913 1418 2978 differentia

251 3017 311 3092 est,
332 3013 416 3094 quod
437 3012 508 3096 illic,
530 3014 585 3078 ubi
606 3013 772 3096 ephymnia
792 3013 973 3088 lrridcntur,
994 3019 1122 3096 praeter
1140 3015 1275 3096 primurn
1293 3031 1417 3078 versum

251 3113 374 3193 (1264),
404 3113 491 3178 cuius
513 3115 671 3178 sententia
691 3131 760 3178 curn
784 3114 885 3179 verbis
907 3112 949 3198 ,ivl
969 3113 1083 3178 κόπον
1106 3122 1163 3180 etc.
1185 3112 1350 3193 cohaeret,
1371 3113 1419 3177 in-

251 3218 375 3295 tegrum
396 3232 519 3294 semper
537 3214 734 3278 enuntiatum
755 3213 798 3277 illi
816 3213 980 3296 ephymnio
997 3215 1229 3296 praemittitur;
1251 3214 1302 3279 hic
1314 3219 1419 3278 autern

251 3317 319 3377 tota
341 3332 486 3379 versuum
516 3315 612 3378 series
634 3331 726 3378 uuam
750 3315 938 3379 sententiam
961 3315 1103 3396 quamvis
1126 3313 1292 3379 absurdam
1317 3313 1420 3393 efficit,

251 3413 297 3476 itu
329 3419 454 3494 tamen,
491 3419 526 3478 ut
553 3431 629 3479 voce
658 3414 874 3497 φλαττοθρατ
903 3414 1019 3495 ubique
1048 3431 1181 3479 conexus
1210 3414 1419 3494 discerpatur.

251 3517 338 3577 errat
359 3513 457 3593 igitur
476 3512 636 3578 Wecklein
661 3513 780 3596 (Jahrb.
795 3512 904 3595 Suppl.
918 3513 1092 3594 xlmam),
1114 3514 1168 3595 qui
1191 3513 1230 3578 ad
1254 3512 1420 3594 ephymnia

250 3611 329 3678 haec
351 3629 473 3695 quoque
492 3612 588 3678 refert
604 3617 636 3677 et
654 3612 841 3678 scholiastae
856 3613 969 3678 verba:
990 3617 1084 3695 ιτινὲς
1103 3615 1313 3697 σημειοῦνται
1328 3612 1422 3692 αὐτὸ,

252 3708 302 3776 ὅτι
325 3715 390 3777 τῶν
412 3713 603 3798 διορθωτῶν
624 3735 709 3787 τινες
728 3713 892 3797 περιεῖλον
913 3711 1145 3788 adcomodans
1166 3713 1203 3777 ἐν
1223 3717 1291 3787 τοῖς
1310 3713 1423 3795 μέλεσι

252 3813 454 3893 apogaeum?
493 3813 532 3878 de
573 3813 722 3896 epbymns
763 3832 781 3878 a
822 3815 932 3880 scribis
971 3833 1064 3896 saepe
1102 3813 1224 3879 omissis
1262 3813 1420 3893 iutelligit.

252 3910 425 3976 schoIIasta
448 3913 485 3976 de
508 3913 723 3977 instrumentis
745 3913 880 3992 cogitat,
911 3931 1038 3994 quorum
1063 3913 1132 3978 soni
1155 3921 1262 3979 utrum
1285 3910 1423 3975 diortho-

252 4016 354 4075 tarum
383 4029 476 4076 manu
508 4013 693 4077 evanuerint
714 4032 755 4077 an
777 4030 936 4094 nunquam
959 4016 989 4079 in
1015 4015 1102 4079 libris
1123 4012 1273 4094 adscripti
1293 4010 1423 4088 fuerim,

253 4110 391 4175 dubitari
422 4117 544 4193 potest3
586 4113 611 4176 si
639 4130 730 4176 veros
766 4113 963 4178 Instrumenti
994 4131 1086 4177 sonos
1118 4112 1177 4176 hoe
1207 4113 1274 4177 loco
1306 4109 1425 4191 signari
