3244 4976
758 325 793 390 11

192 501 258 564 siue
280 517 409 564 assensu
432 499 473 582 (c.
492 501 541 581 30,
553 500 587 580 6)
611 509 886 583 commemoratur,
909 501 1359 584 100011μοίωςο1110011111111,

191 599 282 680 quasi
311 599 400 680 peius
428 598 505 662 nihil
535 599 588 663 ille
615 602 818 680 commiserit,
850 620 944 683 quam
966 620 1047 683 qnae
1069 602 1143 666 Lasi
1165 605 1358 685 temporibus

192 699 329 774 fiebant3
352 698 435 762 unde
458 705 543 763 recte
565 700 749 764 concludere
772 701 843 765 mihi
869 702 977 765 videor
998 702 1051 765 illa
1071 720 1193 784 quoque
1216 704 1255 768 de
1275 704 1359 768 Laso

192 799 304 862 verba:
326 795 381 879 ,εἰς
401 797 587 879 μετάθεσιν
607 799 668 886 τήν
688 800 972 883 προϋπάρχουσαν
988 796 1086 889 ἤγαγε
1102 803 1271 889 μονσικήν’
1292 824 1359 869 001-

194 898 356 979 rumpendi
379 905 410 961 et
433 897 628 979 depravandi
651 901 805 980 quandam
829 902 987 966 notionem
1009 905 1177 966 continere.

277 1045 358 1112 Hinc
381 1045 588 1126 iudicandum,
611 1047 693 1127 quod
715 1048 816 1112 Lases
840 1049 953 1114 dicitur
975 1049 1020 1123 εἰς
1037 1050 1099 1136 τήν
1117 1050 1359 1132 διθυραμβικὴν

192 1146 318 1232 α’γωγήν
347 1149 552 1233 μεταστῆσαι
578 1147 653 1221 τούς
684 1147 841 1228 ῥυθμούς.
901 1167 961 1213 non
996 1167 1124 1230 possum
1161 1149 1262 1214 facere
1290 1168 1358 1214 cum

195 1247 397 1339 Guhrauero,
429 1249 480 1327 qui
511 1245 588 1328 (1.1.
615 1251 693 1310 1888
715 1266 744 1327 p.
767 1251 837 1327 182)
860 1248 975 1312 Lusum
995 1250 1094 1313 credit
1115 1248 1251 1332 α’γωγήν,
1278 1266 1358 1330 quae

194 1349 256 1410 iam
286 1355 370 1412 esset
399 1347 452 1410 illo
480 1353 620 1427 temporo
643 1347 674 1410 in
698 1347 917 1429 dithyrambis,
948 1348 986 1412 ad
1010 1349 1070 1412 alia
1090 1368 1219 1430 poeseos
1242 1367 1359 1427 genera

195 1447 379 1525 adhibuisse,
402 1445 625 1510 Schneidewini
646 1446 741 1508 verba
762 1454 886 1510 secutus
909 1447 965 1530 (de
980 1448 1062 1512 Laso
1078 1449 1184 1512 Herm.
1206 1449 1268 1513 ind.
1289 1450 1358 1512 lect.

195 1547 497 1626 thting.1842l3):
518 1546 680 1626 tquidquid
702 1553 828 1626 praeter
851 1546 1068 1628 dithyrambos
1091 1548 1250 1628 pangebat
1271 1547 1360 1630 lyrici

195 1647 349 1727 carminis,
372 1644 599 1726 dithyrambico
621 1645 726 1709 colore
749 1646 872 1709 inlecit'.
917 1666 988 1710 nam
1007 1647 1027 1730 ιῖ
1042 1648 1149 1730 drove.
1167 1646 1274 1733 α’γογή
1296 1665 1356 1710 11011

194 1751 299 1827 potest
328 1745 462 1824 intelligi
493 1746 551 1810 nisi
576 1744 614 1808 de
636 1763 673 1808 00
695 1745 887 1826 rythmorum
909 1746 1049 1826 licentia,
1079 1750 1226 1828 quentin
1250 1765 1358 1811 recen-

197 1846 326 1910 tioribus
357 1862 483 1926 quoquo
513 1852 627 1926 poetae
658 1846 763 1908 comici
795 1864 858 1908 non
887 1845 1034 1909 desinunt
1065 1848 1229 1925 castigare.
1282 1847 1358 1909 haec

196 1954 299 2009 autem
336 1945 469 2008 maxime
499 1944 662 2024 repudiata
692 1943 789 2008 1011110
822 1945 1046 2024 antistrophica
1072 1945 1268 2009 efficiebatur
1299 1946 1357 2024 [sic

196 2046 255 2108 iam
279 2043 375 2108 Ulrici
405 2051 489 2107 recte
518 2043 587 2108 1118.
610 2043 660 2123 ely.
691 2045 919 2124 interpretatus
949 2051 1014 2121 est,
1051 2046 1139 2108 cuins
1168 2047 1357 2108 sententiam

196 2146 360 2224 impugnat
381 2142 590 2206 Schneidewin
611 2161 639 2222 p.
668 2143 718 2224 16)
749 2162 849 2226 neque
879 2161 1015 2223 unquam
1037 2145 1168 2208 credam
1198 2145 1250 2207 illo
1281 2152 1358 2207 tem-

197 2263 273 2323 poro
296 2241 463 2324 ιίνοβολοὶς
492 2244 568 2306 istas
590 2243 622 2304 in
644 2241 712 2306 aliis
735 2245 886 2324 poematis
908 2251 1075 2324 usurpatas
1096 2263 1173 2308 esse.
1222 2245 1279 2325 ipsi
1303 2244 1359 2323 igi-

197 2352 249 2406 tur
270 2343 344 2406 basi
366 2342 555 2422 dithyramhi
578 2342 771 2418 intelligendi
800 2351 873 2406 snut
895 2349 928 2407 et
948 2344 1024 2417 τούς
1046 2342 1192 2425 ῥυθμούς
1215 2344 1357 2406 11111001-

196 2443 390 2524 plicandum,
423 2441 505 2521 quod
528 2442 717 2523 dithyramhi
743 2445 937 2507 notissimum
960 2444 1032 2506 Lasi
1060 2452 1236 2524 poematum
1258 2461 1355 2521 genus

199 2547 305 2617 erant;
328 2559 459 2623 quorum
482 2541 588 2614 etiam=
599 2545 744 2606 inventor
763 2542 929 2606 ferebatur.

279 2690 445 2770 Dionysius
478 2689 602 2768 quidem
631 2689 901 2754 Halicarnasensis
932 2689 984 2770 (de
1006 2707 1030 2752 c.
1051 2707 1079 2749 v.
1105 2691 1157 2764 19)
1191 2689 1228 2751 de
1256 2689 1358 2769 dithy-

197 2791 294 2853 ramhi
324 2789 455 2870 rythmis
485 2789 561 2852 haec
589 2788 699 2852 refert:
730 2795 798 2864 τοῖς
822 2791 962 2872 ῥυθμοῖς
989 2788 1073 2850 κοντοὶ
1096 2788 1217 2874 πολλὴν
1239 2785 1356 2851 ἄδειαν

197 2887 477 2966 ἐνεξουσιάζοντες
505 2888 667 2950 διετέλουν
697 2886 790 2969 οἵγε
818 2890 858 2972 δὴ
879 2889 963 2951 aava?
986 2887 1162 2963 Φιλόξενον
1182 2890 1236 2950 καὶ
1264 2887 1360 2968 Τιμό-

196 2995 278 3052 θεον
301 2988 355 3050 καὶ
380 2986 551 3068 Τελέστην·
584 2987 657 3049 ἐπεὶ
680 2989 773 3068 παρά
796 3012 831 3070 γε
851 2993 918 3061 τοῖς
941 2987 1086 3070 ἄρχαίοις
1106 2997 1300 3068 τεταγμένος
1319 2977 1360 3074 ἦν

197 3091 249 3152 καὶ
273 3088 292 3152 o‘
314 3087 528 3167 διθύραμβος.
572 3093 606 3148 01
628 3087 810 3167 Dionysius,
839 3093 948 3167 utpote
978 3089 1008 3149 in
1037 3086 1128 3151 rebus
1151 3088 1274 3150 musicis
1297 3105 1358 3150 non

197 3190 323 3253 nimium
346 3189 466 3268 peritus
489 3187 538 3264 (id
562 3186 649 3268 quod
672 3205 688 3249 e
707 3186 786 3250 libro
808 3186 845 3250 de
863 3205 960 3267 comp.
977 3187 1061 3250 verb.
1077 3187 1216 3267 quamvis
1234 3187 1359 3265 elegan-

199 3289 318 3352 tissimo
342 3289 420 3351 satis
442 3285 603 3367 apparet),
630 3285 668 3348 de
691 3286 822 3366 rythmis
843 3286 972 3366 perinde
994 3285 1111 3350 iudicat
1132 3303 1168 3348 ac
1190 3285 1361 3350 desidibus

198 3389 239 3466 is,
271 3388 323 3467 qui
349 3385 445 3448 verba
472 3386 509 3448 dc
530 3385 691 3448 Timotheo
715 3386 849 3449 chordas
871 3387 971 3466 primo
993 3385 1127 3449 addente
1149 3384 1359 3466 interpolavit,

200 3488 318 3552 scilicet
339 3493 412 3548 ante
432 3485 596 3550 Philoxeni
619 3485 773 3564 huiusque
793 3486 936 3549 similium
958 3490 1120 3565 poetarum
1143 3491 1277 3547 aetatem
1299 3502 1358 3546 non

198 3588 256 3650 nisi
273 3586 427 3667 οἷρχαίοος
442 3585 555 3664 luisse,
577 3585 628 3666 qni
649 3586 776 3662 egregia
797 3592 828 3647 et
844 3585 1019 3648 veneranda
1032 3585 1134 3646 omnia
1145 3585 1358 3663 procrearint3

199 3687 405 3750 Aristoxenus
435 3685 514 3747 hanc
542 3700 665 3763 quoque
693 3685 849 3748 licentiam
881 3684 972 3747 docet
1000 3702 1019 3746 a
1048 3685 1129 3747 Laso
1159 3683 1358 3762 repetendam

199 3805 275 3850 esse.
318 3787 411 3848 altius
434 3789 538 3848 autem
562 3783 690 3870 ἀγωγήν
709 3784 892 3864 rythmicam
911 3782 1099 3863 dithyramhi
1122 3784 1278 3862 propriam
1292 3801 1359 3847 cum

199 3885 383 3949 Guhrauero
407 3888 547 3963 repetere
570 3901 630 3946 non
646 3883 751 3946 0111100.
795 3884 899 3964 itaque
919 3882 1073 3946 Plutarchi
1094 3881 1187 3944 verba
1206 3883 1250 3946 sic
1265 3883 1360 3946 inter-

199 3991 324 4063 pretor:
348 3983 451 4046 Lasos
475 3981 665 4063 dithyramhi
687 3983 835 4063 rythmos,
857 3983 910 4063 qui
932 3988 1025 4044 antea
1047 3998 1065 4042 0
1086 3986 1208 4044 ceterae
1230 3999 1360 4060 poeseos

200 4082 398 4162 simplicitate
427 4100 489 4144 uon
520 4081 719 4159 differebant,
751 4083 789 4143 ita
823 4081 1014 4157 inmmtavit,
1046 4087 1081 4142 ut
1107 4081 1275 4159 pecoliaris
1306 4080 1358 4144 illa
