3244 4976
761 349 803 416 85

202 520 408 604 significaret,
428 521 458 588 in
480 522 605 604 rythmo
627 525 745 607 χρόνον
766 526 897 605 πρῶτον
917 521 1091 602 indicabat,
1113 525 1195 590 uude
1216 523 1366 590 vocabula

201 621 353 705 δι’σημος,
378 627 533 706 τρίσημος
554 634 612 689 eto.
655 627 749 690 ducta
771 624 821 709 (cf.
844 623 874 690 J.
897 623 1014 688 Caesar
1037 623 1103 688 lnd.
1126 623 1196 688 lect.
1219 621 1366 704 Marhurg

204 721 324 802 1884l5‚
346 740 376 802 p.
397 720 447 804 V),
470 722 510 787 ab
531 724 719 790 Aristoxeno
741 730 849 789 autem
871 741 891 788 a
914 723 1047 788 minimis
1069 723 1139 788 istis
1159 723 1274 804 pedum
1295 739 1367 802 par·

202 820 287 885 tibus
310 821 351 885 ad
380 822 531 886 maiorum
563 824 677 904 pedum
707 830 815 906 partes
846 819 1066 904 significandas
1092 821 1278 887 translatum
1307 826 1367 885 est.

201 918 257 983 sed
283 921 452 1000 permultos
483 922 567 987 locos
596 923 759 1006 Westphal
789 923 829 1004 (1⁸
851 923 1027 994 los-105)
1054 922 1095 986 ad
1125 905 1367 986 confirmandam

204 1021 393 1084 sententiam
423 1039 510 1086 suam
540 1024 715 1104 congessit,
744 1041 822 1106 quos
852 1023 1030 1088 examinare
1058 1039 1184 1086 necesse
1211 1025 1270 1085 est.
1313 1021 1366 1084 Ar.

202 1118 302 1198 probl.
333 1124 380 1197 19,
398 1125 436 1184 22
468 1140 488 1186 a
514 1141 628 1204 magno
656 1125 832 1188 canentium
862 1140 990 1188 numero
1017 1120 1162 1203 rythmus
1190 1122 1366 1186 accuratius

202 1219 322 1283 servari
344 1219 459 1285 dicitur
482 1241 572 1304 quam
602 1243 622 1289 a
646 1242 761 1305 parvo,
792 1220 843 1288 ὅτι
873 1222 918 1307 (ot
943 1221 1072 1301 πολλοί)
1097 1221 1223 1304 μᾶλλον
1250 1221 1282 1293 ἐς
1309 1220 1368 1283 ἕνα

199 1316 343 1402 ἡγεμόνα
363 1321 544 1402 βλέπουσιν
564 1323 618 1386 καὶ
639 1322 841 1407 βραδύτερον
864 1324 920 1404 (sio
947 1321 1083 1404 Westph.
1113 1326 1196 1386 recte
1224 1337 1281 1400 pro
1309 1322 1368 1400 βα-

201 1417 349 1504 ρύτερον)
377 1417 533 1502 ἄρχονται
538 1469 672 1501 .....
703 1425 739 1488 ἐν
768 1425 829 1507 γάρ
858 1427 905 1504 τῷ
933 1421 1027 1502 τάχει
1055 1421 1202 1504 οἲμαρτία
1234 1419 1367 1484 πλείων.

202 1539 282 1604 quaa
298 1539 392 1585 seusu
407 1527 525 1586 carent.
553 1519 721 1604 ἄρχεσθαι
735 1543 795 1588 non
811 1523 905 1588 semel
923 1541 942 1586 a
956 1522 1094 1586 librariis
1109 1539 1178 1586 cum
1192 1519 1369 1602 ὀρχεῖσθαι

201 1619 399 1685 confunditur
423 1621 615 1702 (Anaxandr.
637 1621 729 1700 Mein.
752 1641 828 1688 com.
850 1624 967 1688 111198
989 1621 1073 1708 α’ρχή
1096 1621 1166 1685 libri
1187 1638 1245 1701 pro
1267 1620 1366 1702 δρχεΐ,

201 1718 334 1802 Hesych.
357 1738 382 1785 s.
406 1738 434 1784 v.
461 1720 709 1804 κρεμβαλιαζετν
732 1723 929 1805 α’ρχομέιόυς
948 1740 1005 1803 pro
1027 1719 1256 1801 ὀρχουμένους,
1284 1719 1366 1804 quod

201 1818 339 1885 (lasaub.
360 1819 401 1883 ad
420 1821 532 1884 Athen.
551 1821 578 1885 V
594 1823 679 1886 193e
701 1822 861 1902 restituit).
899 1823 1007 1903 itaque
1029 1819 1078 1885 hic
1096 1818 1269 1903 ὀρχοῦνται
1292 1820 1366 1884 scri-

202 1919 335 1983 bendum
364 1924 452 1999 puto.
502 1919 656 1985 saltantes
686 1921 726 1986 ad
757 1921 864 1986 ducem
891 1921 977 1986 chori
1002 1920 1191 2000 respiciunt,
1222 1919 1366 1983 nimirum

201 2018 302 2098 ipsum
323 2035 448 2099 quoque
471 2020 656 2099 saltantem,
686 2021 776 2085 sicuti
799 2021 831 2085 in
854 2038 984 2102 pompa,
1017 2036 1113 2102 quam
1134 2017 1257 2083 saeculo
1278 2017 1365 2083 urhis

201 2118 296 2181 tertio
318 2119 435 2182 Romae
456 2118 571 2184 iactam
594 2120 762 2201 Dionysius
783 2119 855 2185 Hal.
877 2118 974 2204 (arch.
999 2119 1059 2184 Vll
1076 2117 1128 2201 78)
1151 2137 1189 2183 ex
1212 2118 1248 2196 Q.
1267 2116 1365 2182 Fabio

201 2217 366 2297 describit,
386 2217 494 2301 ἡγεῖτο
514 2219 594 2282 καθ’
615 2219 755 2284 ἕκαστον
773 2221 873 2302 χορδν
894 2211 941 2293 εἷς
959 2218 1052 2302 α’νήρ,
1075 2217 1109 2292 ὃς
1130 2217 1277 2282 ἐνεδίδου
1298 2219 1366 2289 τοῖς

198 2313 307 2392 ἄλλοις
337 2319 380 2381 aa*
406 2321 462 2406 τῆς
489 2317 653 2403 ὀρχήσεως
681 2318 836 2408 σχήματα
865 2323 1001 2403 πρῶτος.
1053 2318 1211 2400 rythmum
1242 2317 1364 2399 aequali

199 2437 313 2483 manus
334 2425 422 2482 motu
444 2419 621 2500 signantem
641 2417 786 2506 ἡγεμόνα
807 2438 869 2484 non
892 2424 941 2484 est
955 2436 1009 2483 cur
1030 2419 1192 2499 fingamus.
1233 2417 1364 2483 eundem

198 2535 292 2600 porro
324 2517 489 2582 Horatium
518 2535 552 2581 se
578 2518 728 2583 inducere
751 2518 914 2600 Westphal
944 2518 1036 2597 dicit,
1066 2536 1134 2582 cum
1161 2536 1188 2584 c.
1218 2519 1261 2582 IV
1282 2522 1311 2597 6,
1326 2519 1364 2582 35

199 2617 304 2699 pueris
325 2615 502 2701 puellisque
523 2618 671 2698 imperet:
701 2618 859 2700 ‘Lesbium
881 2623 1005 2682 servate
1026 2617 1136 2698 pedem
1158 2619 1279 2698 meique
1300 2617 1366 2697 pol-

199 2717 267 2781 licis
286 2717 399 2780 ietum’.
441 2717 502 2780 iam
530 2717 613 2781 inter
634 2722 758 2782 vetares
781 2717 901 2782 Horatii
930 2717 1119 2797 interpretes
1142 2720 1285 2798 luerunt,
1314 2717 1364 2797 qui

200 2816 239 2880 de
266 2817 344 2881 duce
374 2805 531 2897 rythmum
558 2834 651 2881 manu
678 2817 809 2881 feriente
838 2817 914 2880 haec
940 2815 1166 2896 intellegerent.
1210 2816 1265 2880 sed
1294 2818 1364 2899 quis

200 2931 338 2996 unquam
367 2913 477 2997 pollice
498 2913 558 2981 hoc
579 2914 676 2980 fecit‘l
719 2915 860 2979 manibus
890 2914 1013 2996 quidem
1033 2913 1176 2978 solebant
1200 2915 1364 2994 plaudere3

200 3015 284 3098 quod
304 3015 513 3092 Quintilianus
537 3014 583 3078 lX
604 3019 679 3094 4‚51
704 3016 824 3096 pedum
855 3019 888 3078 et
914 3013 1081 3095 digitorum
1108 3014 1181 3078 ictu'
1209 3015 1365 3095 rythmum

200 3115 318 3192 signari
346 3114 437 3194 dicit,
467 3115 507 3180 de
534 3132 685 3180 manuum
710 3114 823 3196 plausu
847 3114 981 3196 cogitat3
1013 3130 1084 3177 uam
1106 3111 1219 3178 Graeci
1245 3133 1365 3196 quoque

198 3213 314 3297 κρότον
336 3217 402 3278 τῶν
423 3213 593 3278 δακτύλιον
614 3215 723 3280 dicunt
739 3232 796 3295 pro
816 3217 933 3298 xenonis
953 3211 1057 3296 κρότῳ
1074 3212 1230 3290 (Schmidt
1241 3214 1364 3296 ·Syu0u.

199 3315 263 3395 111,
284 3314 367 3398 386).
389 3315 427 3380 ci.
447 3314 621 3396 Hephaest.
643 3314 749 3396 schol,
778 3314 831 3378 ubi
855 3332 885 3395 p.
909 3317 949 3379 82
975 3315 1118 3398 rythmus
1140 3313 1225 3378 nasci
1252 3313 1366 3379 dicitur

198 3414 270 3478 α’πδ
300 3412 407 3478 ἵππου
436 3414 551 3477 ποδῶν
580 3415 635 3478 καὶ
665 3413 782 3497 κρότου
812 3416 927 3497 χειρῶν
954 3414 1009 3476 καὶ
1036 3413 1135 3495 λύρας
1164 3414 1219 3476 καὶ
1248 3412 1366 3496 ἑτέρων

199 3515 306 3594 τινῶν,
327 3514 438 3597 quibus
460 3514 527 3579 loco
549 3515 705 3579 simillimo
725 3534 755 3597 p.
771 3519 811 3579 84
833 3514 1039 3594 respondent:
1060 3511 1174 3577 ἵππων
1193 3536 1229 3574 τε
1248 3518 1366 3594 πορεία

199 3613 254 3676 καὶ
274 3617 397 3696 κίνησις
417 3611 587 3677 δακτύλων
604 3664 611 3678 .
630 3664 638 3678 .
654 3661 662 3676 .
680 3664 688 3679 .
707 3615 761 3676 καὶ
782 3614 910 3694 χορδῶν
930 3611 1101 3695 κινήματα.
1144 3611 1227 3676 solus
1249 3612 1365 3676 Teren-

199 3713 305 3777 tianus
325 3713 453 3778 Maurus
473 3714 555 3778 aaut
584 3713 713 3796 pollicis
741 3731 852 3778 sonore
878 3712 927 3777 vel
953 3712 1067 3793 plausu
1090 3711 1188 3792 pedis’
1210 3710 1365 3792 rythmum

200 3829 220 3875 a
243 3811 426 3877 docentibus
448 3813 566 3893 signari
596 3811 711 3893 refert,
740 3812 851 3894 quibus
873 3811 922 3877 vel
949 3810 1206 3876 consuetudinem
1228 3809 1364 3890 aliquam

199 3912 265 3977 ludi
286 3913 512 3992 magistrorum
533 3919 657 3993 spectat
672 3913 719 3976 vel
735 3913 879 3993 plausum
899 3929 1046 3976 manuum
1064 3909 1223 3990 significat
1240 3908 1364 3972 Horatii

200 4010 299 4075 verba
319 4012 401 4076 male
422 4012 583 4076 intellecta
604 4011 746 4075 imitatus
759 4013 791 4092 ¹).
835 4010 954 4092 pollicis
982 4009 1065 4092 apud
1087 4009 1255 4074 Horatium
1277 4026 1365 4072 men·

266 4176 292 4242 1)
311 4175 377 4230 hinc
395 4193 439 4244 ap.
450 4176 517 4231 Mar.
529 4176 601 4231 Vict.
620 4195 648 4247 p.
663 4175 711 4230 183
718 4178 750 4232 Κ.
771 4177 829 4232 loco
846 4176 1014 4246 ineptiarum
1035 4177 1116 4245 pleno
1131 4175 1244 4229 verbum
1262 4175 1364 4228 dicitur

197 4260 346 4330 ,enuntiari
365 4261 401 4315 ad
419 4277 514 4317 sonum
533 4261 616 4332 digiti
636 4261 680 4317 vel
697 4261 790 4333 padis'.
