3244 4976
842 353 883 418 tc

282 534 429 600 Ponticus
451 529 577 612 (Athen.
600 529 619 594 l.
632 530 666 611 1.)
688 534 855 612 utramque
876 531 1065 596 sententiam
1090 532 1234 612 repudiat
1257 535 1288 596 et
1309 532 1447 613 ‘dauda-

283 634 360 716 pcoa’
381 632 517 714 (explicat
532 631 630 712 ‘dorio
645 630 808 707 similem’.)
851 637 926 694 tune
949 631 1069 694 demum
1092 631 1131 694 ad
1149 631 1283 713 hypetae
1305 638 1338 696 et
1356 642 1448 696 netae

283 733 457 812 exemplum
488 747 566 793 rrora
593 731 716 793 nomina
744 728 959 809 fingebantur,
989 730 1149 813 ὑφιιπάιη
1178 730 1349 814 ὑπερμέση
1378 732 1450 796 sub·

281 831 462 912 principalis
486 837 556 908 etc,
578 839 609 892 et
633 827 779 893 Boethius
802 830 826 909 (l
850 827 880 894 c.¹
899 832 961 908 20),
983 831 1036 910 qui
1059 835 1206 895 accurate
1227 830 1309 895 hanc
1331 832 1448 894 doctri·

283 949 355 995 nam
378 931 534 1010 sequitur,
562 928 708 1010 ‘inferius‘
730 929 900 993 collocatas
923 930 1000 994 dicit
1021 930 1172 1010 chordae,
1192 947 1272 1011 quae
1293 932 1449 995 acutiores

283 1032 356 1110 sint,
377 1030 547 1110 tsuperius',
577 1046 657 1108 quae
686 1028 857 1108 graviores.
900 1035 1023 1094 vetusta
1048 1029 1152 1095 tamen
1176 1028 1369 1094 consuetudo
1392 1030 1456 1108 im-v

282 1130 386 1194 mixtis
414 1128 543 1193 alterius
577 1129 722 1208 imaginis
753 1128 893 1207 vestigiis
922 1131 1037 1207 passim
1070 1146 1105 1193 se
1129 1128 1234 1209 prodit
1262 1129 1315 1206 (cl.
1338 1149 1365 1194 v.
1387 1129 1449 1194 Jan

282 1228 391 1294 Jahrb.
418 1233 505 1307 1811,
529 1229 588 1292 369
600 1228 661 1310 sq.)
684 1232 716 1291 et
737 1233 806 1292 tota
833 1227 927 1293 rediit
946 1228 1029 1309 apud
1044 1227 1235 1310 Bryennium
1258 1229 1450 1311 (cl.Wallisii

282 1332 388 1396 adnot.
409 1349 439 1411 p.
462 1332 545 1411 365).
583 1329 734 1394 vocabula
767 1334 870 1394 autem
899 1349 937 1394 ex
966 1329 1126 1394 contraria
1150 1329 1294 1395 doctrina
1326 1335 1450 1411 sumpta

284 1434 396 1513 etiam,
425 1432 476 1496 ubi
508 1430 584 1496 haec
610 1431 714 1510 valet,
746 1431 790 1495 ibi
820 1431 919 1496 solum
942 1436 1092 1511 usurpata
1113 1430 1306 1510 invenimus,
1336 1430 1387 1494 ubi
1411 1430 1449 1494 de
1481 1437 1483 1440 ’

284 1533 407 1598 chordis
436 1550 605 1613 earumque
634 1531 741 1596 ordine
770 1531 960 1613 disputatur.
1010 1530 1085 1614 ‘aaa
1114 1530 1174 1618 τὴν
1203 1528 1291 1620 ᾠδὴν
1315 1531 1450 1613 κρούειν’

284 1635 322 1698 de
337 1633 536 1698 instrumenti
559 1633 643 1698 sonis
666 1632 858 1697 acutioribus
872 1634 911 1696 ad
927 1649 1031 1696 vocem
1044 1633 1211 1697 humanam
1227 1634 1449 1698 accedentibus

284 1752 362 1814 nego
385 1751 522 1817 unquam
543 1738 598 1797 aut
619 1731 850 1796 intellecturum
871 1749 1059 1813 quemquam
1089 1739 1145 1796 aut
1168 1732 1270 1798 dicere
1303 1751 1447 1798 ausurum

283 1834 388 1898 luisse.
430 1834 537 1914 itaque
559 1852 588 1897 vt
609 1831 693 1896 Janii
716 1831 879 1913 explicatio
903 1830 1098 1913 repudianda
1120 1838 1177 1895 est.

367 1932 529 2016 Westphal
550 1931 609 2014 (11⁸
633 1931 704 2013 180)
735 1932 813 2013 εὑπὸ
833 1932 893 2019 τήν
914 1929 1014 2017 ᾠδήν’
1036 1948 1075 1994 ex
1105 1931 1329 1996 consuetudine
1356 1935 1448 1995 notas

285 2035 564 2097 instrumentorum
586 2034 616 2096 in
634 2032 808 2097 scribendis
829 2033 983 2113 poematis
1004 2032 1063 2095 sub
1080 2050 1188 2096 vocum
1211 2031 1292 2095 notis
1314 2031 1449 2111 ponendi

283 2134 498 2216 explicandum
521 2140 642 2209 censet3
675 2133 813 2198 Gevaert
834 2131 862 2216 (l
884 2130 957 2214 365)
987 2132 1052 2196 eius
1082 2132 1269 2196 sententiam
1297 2131 1448 2211 sequitur.

284 2234 339 2298 sed
355 2234 424 2314 quis
442 2233 519 2296 haee
536 2232 746 2312 intellegeret:
769 2232 835 2314 ‘sub
849 2250 954 2296 vocem
972 2233 1184 2296 instrumento
1201 2231 1321 2296 canere'
1338 2257 1378 2281 =
1394 2232 1448 2312 ‘ita

284 2335 490 2398 instrumento
514 2350 640 2412 canere,
663 2337 714 2411 ut,
746 2335 772 2396 si
795 2332 914 2397 scribas
937 2339 1088 2412 utrosque
1111 2349 1220 2413 sonos,
1249 2332 1446 2395 instrumenti

284 2435 351 2498 soni
372 2432 429 2498 sub
453 2432 563 2496 alteris
587 2430 721 2512 ponendi
747 2432 842 2496 siut'?
884 2433 938 2498 sed
961 2433 1085 2497 etiamsi
1109 2434 1158 2496 cui
1188 2432 1380 2496 tolerandum
1404 2432 1448 2496 vi-

284 2534 398 2598 deatur
419 2532 594 2596 huiusmodi
614 2531 760 2613 loquendi
783 2550 897 2612 genua,
927 2533 1037 2597 falsam
1059 2533 1233 2614 Westphali
1260 2534 1447 2598 sententiam

283 2651 353 2697 esse
372 2631 444 2696 inde
465 2638 613 2713 apparet,
641 2631 724 2714 quod
745 2629 832 2714 triud’
852 2634 1033 2713 saepissime
1060 2635 1105 2696 ita
1128 2633 1167 2698 de
1188 2633 1359 2697 coniunctis
1381 2651 1449 2697 mu-

283 2735 364 2797 sicae
383 2731 527 2813 partibus
545 2739 726 2813 usurpatur,
746 2739 781 2796 ut
799 2750 868 2796 cum
888 2733 950 2797 ista
971 2733 1126 2798 scribendi
1145 2734 1369 2798 consuetudine
1386 2751 1448 2796 non

281 2839 444 2912 congruat.
487 2832 570 2897 velut
592 2850 611 2895 a
633 2832 804 2896 Plutarcho
829 2832 880 2916 (de
901 2834 971 2899 aud.
993 2852 1018 2897 c.
1042 2834 1073 2912 7)
1093 2833 1160 2916 ςὑπ’
1180 2833 1284 2899 αὐλὸν
1304 2829 1449 2918 &donuae

281 2933 452 2999 laudantur
482 2932 532 3015 (cf.
565 2933 633 2996 aaa
661 2935 720 2996 τὸν
747 2933 849 2997 αὐλόν
876 2934 1088 3015 διαλέγεσθαι
1119 2935 1195 3000 Xen.
1226 2937 1344 2999 courir.
1368 2937 1448 3015 6,3).

281 3053 321 3100 an
350 3035 421 3098 hinc
450 3032 666 3098 concludemus
694 3033 852 3098 interdum
884 3034 978 3098 tibiae
1006 3041 1094 3098 notas
1123 3035 1188 3098 voci
1218 3037 1448 3116 suprascriptas

280 3134 400 3199 luisse?
441 3132 515 3213 quid
547 3133 585 3197 de
613 3131 750 3220 αὐλήσει
780 3139 812 3197 et
837 3138 1004 3215 κιθαρίσει
1031 3133 1098 3198 ὑπὸ
1126 3131 1261 3218 ὄρχησιν
1283 3137 1338 3200 καὶ
1360 3135 1449 3219 ᾠδήν

280 3235 384 3316 (Plato
407 3233 481 3312 Leg.
500 3233 529 3296 ll
553 3234 665 3313 6691))
687 3233 859 3297 iaciemus?
899 3237 947 3309 cui
969 3238 1136 3316 respondet
1153 3236 1236 3316 apud
1254 3235 1446 3300 Athenaeum

280 3335 335 3413 (IV
358 3353 383 3398 c.
408 3333 459 3415 17)
488 3327 616 3416 ὄρχησις
643 3332 711 3396 eno
738 3334 797 3396 τὸν
823 3331 925 3397 αὐλόν
954 3335 1008 3398 καὶ
1036 3334 1097 3421 τήν
1125 3333 1231 3416 ᾠδήν,
1262 3335 1314 3400 ubi
1336 3336 1448 3400 Kaibel

280 3435 392 3499 iniuria
422 3434 515 3517 ιπρός
543 3434 601 3497 τὸν
630 3433 742 3497 αόλόν’
769 3433 931 3514 legendum
964 3454 1033 3498 esse
1063 3436 1254 3516 suspicatur.
1297 3437 1447 3517 reciproci

279 3540 354 3599 sunt
377 3534 530 3598 Athenaei
550 3533 634 3597 loeus
657 3538 689 3597 et
715 3533 870 3614 Platonis,
893 3535 974 3598 sicut
992 3535 1069 3616 ‘aad
1090 3536 1149 3597 τὸν
1170 3534 1272 3598 αὐλὸν
1292 3533 1394 3617 ᾅδειι·’
1415 3544 1447 3599 et

278 3635 355 3718 (ὑπὸ
375 3629 436 3720 τήν
458 3633 547 3718 ᾠδήν
574 3631 724 3715 annulari,
754 3638 785 3697 et
815 3652 852 3696 ex
881 3634 939 3698 hac
968 3636 1035 3714 ipsa
1063 3635 1268 3699 inveniendae
1301 3635 1447 3699 dictionis

276 3735 433 3799 facultate
455 3732 701 3815 3911111111ίύπὸ
722 3732 796 3796 nihil
820 3733 996 3813 significare
1018 3735 1077 3797 nisi
1096 3734 1187 3798 simul
1206 3733 1274 3797 fieri
1296 3753 1343 3814 ea,
1366 3752 1448 3814 quae

279 3836 338 3899 hac
359 3835 467 3900 vocula
487 3834 658 3914 iungantur
672 3835 704 3913 ¹).
748 3834 800 3897 Ar.
822 3833 923 3914 probl.
949 3835 996 3912 19,
1010 3837 1083 3898 391
1104 3833 1296 3915 Westphalio
1317 3834 1338 3898 l.
1360 3835 1380 3899 l.
1402 3833 1447 3898 al·

350 4031 375 4094 ll
401 4028 490 4083 inanis
513 4031 555 4085 eat
580 4028 693 4084 curiatii
715 4030 855 4084 sententia
881 4032 971 4098 (Matr.
996 4031 1057 4098 700)
1085 4031 1290 4102 praepositione
1311 4033 1362 4082 alal
1386 4047 1446 4085 eam

278 4116 386 4182 partem
416 4114 548 4179 indicari,
577 4133 648 4185 quae
677 4116 815 4171 inferioris
843 4119 973 4172 momenti
1001 4119 1045 4172 sit.
1092 4118 1142 4174 loci
1172 4119 1240 4181 duo,
1269 4133 1337 4186 quos
1365 4115 1448 4170 afferl

276 4198 412 4268 (Kineslas
427 4211 510 4270 χοροῖς
529 4201 622 4268 ι’·πᾴδει
642 4202 687 4256 Ar.
701 4220 758 4256 ran.
772 4203 830 4266 366,
850 4205 966 4265 ἐμμέλεια
978 4205 1042 4272 εὴ
1062 4206 1124 4274 πρὸς
1142 4206 1191 4263 acic
1208 4204 1291 4272 ῥήσεις
1308 4203 1446 4271 inclmare

278 4284 363 4355 Suid.)
383 4285 495 4342 minime
513 4286 541 4342 id
560 4288 749 4357 comprobant.
