3244 4976
842 355 883 418 dh

278 534 447 600 Pindarum
471 534 563 598 rebus
585 535 616 596 in
638 539 708 598 arte
729 537 846 598 musica
871 533 1027 597 studuisse
1050 532 1097 594 vel
1119 531 1340 609 indecolligas,
1361 528 1446 608 quod

278 633 461 714 saepissime
482 633 596 710 ingenii
613 633 661 696 sui
677 633 833 697 licentiam
850 639 960 696 contra
977 651 1031 696 eos
1047 630 1194 707 defendit,
1216 631 1268 711 qui
1287 629 1446 708 neglectos
1506 707 1515 720 ·

277 732 423 814 τεθμούς
443 733 470 796 ei
492 731 733 813 exprobrabant.
776 751 857 813 quae
887 732 984 812 igitur
1014 749 1108 794 causa
1138 748 1207 793 csse
1230 731 1349 810 potuit,
1380 749 1446 811 cur,

276 833 329 916 qui
351 833 545 896 diversorum
568 829 665 893 εἰδῶν
677 831 811 896 indolem
835 849 889 895 suo
904 831 1038 894 arbitrio
1061 830 1189 894 miscere
1207 830 1239 892 in
1255 831 1443 895 carminibus

278 951 338 996 non
371 939 549 1009 vereretur,
579 933 604 994 is
633 931 727 995 tibias
756 948 823 995 cum
852 928 980 994 citharis
1010 929 1049 994 ad
1079 931 1201 994 sonitus
1231 949 1322 1010 quam
1352 949 1445 1010 gran·

277 1031 422 1096 dissimos
451 1029 642 1108 efficiendos,
678 1030 863 1111 ubicumque
895 1029 1017 1104 liceret,
1053 1030 1238 1110 praesertim
1271 1031 1302 1093 in
1333 1049 1444 1110 regum

275 1131 406 1196 aedibus
435 1137 467 1194 et
496 1129 662 1210 magnifico
691 1139 865 1211 apparatu,
896 1127 993 1192 nollet
1012 1130 1226 1208 coniungerer
1264 1129 1296 1193 in
1320 1135 1445 1208 tragoe-

275 1231 396 1295 diarum
429 1236 461 1293 ct
486 1229 712 1294 comoediarum
730 1228 860 1309 singulis
890 1228 1035 1308 partibus
1065 1228 1300 1308 angustioribus
1329 1227 1444 1319 finibus

276 1349 370 1413 quam
401 1330 484 1410 apud
513 1330 624 1404 lyricos
650 1336 761 1410 poetas
782 1330 1062 1392 instrumentorum
1092 1346 1168 1392 usus
1194 1329 1444 1410 circumscriptus

274 1432 371 1496 fuisse
387 1426 512 1494 videtur
544 1428 599 1511 (cl.
623 1428 737 1495 Christ.
763 1429 782 1492 l.
807 1427 860 1507 l.);
892 1445 963 1490 nam
993 1427 1078 1491 chori
1108 1428 1241 1492 scaenici
1264 1430 1443 1493 carmiuaa

273 1530 413 1612 populari
449 1529 598 1610 cuiusque
637 1530 759 1609 generis
792 1527 895 1591 indole
928 1531 960 1590 et
991 1546 1009 1590 a
1042 1529 1262 1592 vetustissimis
1294 1529 1443 1608 exemplis

275 1630 374 1694 multo
397 1630 525 1710 propius
549 1629 681 1693 aberant
691 1628 743 1707 (ci.
757 1648 785 1692 v.
798 1646 845 1707 gr.
856 1626 894 1691 dc
906 1625 1205 1707 threnisWestphal.
1218 1628 1311 1692 Metr.
1321 1629 1368 1692 11³
1381 1630 1444 1708 19).

273 1730 401 1794 Pindari
425 1747 513 1792 musa
537 1729 711 1794 huiusmodi
737 1728 884 1793 terminos
908 1744 968 1790 non
990 1733 1079 1790 curat
1100 1735 1148 1805 et,
1177 1734 1213 1791 ut
1233 1729 1364 1810 rythmi,
1398 1731 1443 1792 ita

275 1829 357 1894 modi
380 1848 398 1892 a
420 1830 523 1910 prisca
545 1829 743 1909 simplicitate
765 1827 966 1890 diversissimi
988 1825 1083 1890 inisse
1103 1827 1262 1908 videntur3
1283 1829 1367 1893 unde
1387 1831 1443 1893 mi-

272 1931 354 1993 nime
371 1928 506 1993 efficitur
538 1927 708 1992 effeminati
731 1927 901 2010 quidquam
925 1926 956 1988 in
971 1926 1014 1988 eis
1029 1925 1139 2002 fuisse3
1163 1927 1216 1990 sed
1238 1929 1304 2007 ipse
1321 1929 1443 1992 Aristo-

271 2048 377 2109 xenus,
401 2030 454 2109 qui
488 2035 647 2092 strenuam
671 2045 708 2091 ae
736 2043 874 2090 severam
902 2026 1032 2090 Pindari
1059 2032 1159 2090 artem
1189 2028 1368 2108 praedicat,
1397 2031 1441 2093 eis

271 2129 468 2209 obloquitur,
499 2130 551 2210 qni
575 2128 757 2190 varietatem
785 2143 804 2188 a
827 2132 967 2190 veterum
990 2126 1145 2190 crumasin
1166 2127 1298 2190 alienam
1321 2129 1437 2194 iudica·

270 2227 347 2292 bant
369 2228 462 2306 (Plat.
485 2228 525 2292 de
548 2246 625 2291 mus.
647 2228 682 2290 21
710 2246 736 2292 v.
757 2245 787 2306 p.
812 2227 874 2303 36).

356 2326 446 2404 Quod
472 2326 607 2390 novandi
619 2325 760 2389 audiacia
776 2324 930 2388 Pindarus
942 2321 1129 2402 offendebat,
1156 2325 1229 2388 Lasi
1252 2326 1439 2408 discipulum

270 2427 479 2506 agnoscimus
523 2424 728 2506 qrrarnobrem
767 2443 805 2487 ne
842 2423 902 2487 hoc
930 2423 1053 2503 quidem
1087 2443 1142 2504 pro
1169 2433 1253 2489 certo
1283 2427 1440 2494 officinam

271 2527 369 2591 ausim
391 2525 579 2603 Pindarum,
609 2524 752 2605 quamvis
781 2524 917 2604 plurium
941 2522 1127 2586 chordarum
1158 2525 1366 2591 instrumenta
1388 2529 1442 2593 illa

270 2630 377 2689 aetate
400 2643 459 2687 non
483 2625 645 2702 deessent,
668 2626 768 2704 ipsum
792 2631 895 2686 tamen
918 2622 1136 2703 heptachordis
1160 2626 1234 2690 solis
1258 2647 1345 2692 nsum
1371 2649 1440 2694 esse

270 2723 427 2806 (Westph.
451 2725 499 2788 11Β
520 2729 569 2788 85.
593 2727 658 2803 42).
695 2723 778 2803 quod
794 2722 962 2802 Westphal
981 2723 1103 2788 duobus
1126 2724 1252 2790 Pindari
1275 2727 1350 2792 loeis
1369 2748 1442 2808 pro-

269 2823 337 2888 bari
357 2831 461 2904 putat,
491 2823 530 2889 N.
554 2830 581 2903 b,
602 2825 642 2888 114
664 2829 696 2886 et
719 2823 751 2887 P.
771 2825 799 2903 h,
824 2824 873 2887 71.
917 2823 971 2886 sed
994 2823 1064 2887 tto
1088 2824 1198 2904 Apollo
1223 2827 1338 2891 dicitur
1362 2827 1442 2912 φόρ-

269 2945 364 3004 μιγγα
384 2923 620 3005 ἑπτάγλωσσον
640 2921 791 3004 πλδκνρῳ
813 2921 946 3003 διώκων,
979 2924 1149 3003 Apollinem
1172 2932 1273 2990 alitem
1298 2945 1359 2991 non
1383 2930 1441 2992 nisi

269 3029 388 3103 septem
417 3023 530 3087 fidibus
561 3025 709 3088 cecinisse
738 3041 827 3087 nemo
850 3025 957 3087 nescit.
1001 3029 1102 3086 restat
1125 3024 1161 3088 P.
1175 3025 1204 3105 h,
1231 3028 1286 3089 vl:
1314 3027 1352 3090 τδ
1374 3033 1438 3091 Κα-

269 3120 416 3205 στόρειον
436 3123 465 3184 δ’
481 3123 517 3185 ἐν
536 3121 726 3187 Αἰολίδεσσι
754 3123 887 3204 χορδαῖς
912 3123 1021 3186 θέλων
1040 3119 1194 3206 ἄθρησον
1223 3126 1318 3207 χάριν
1340 3126 1441 3190 ἑπτα-

266 3219 393 3284 κτύπου
415 3219 587 3303 φόρμιγγος
608 3221 796 3303 ἀντόμενος.
839 3223 887 3286 his
911 3240 999 3286 suum
1022 3241 1145 3288 carnren
1163 3225 1320 3290 Pindarus
1342 3228 1440 3308 signi-

266 3320 350 3401 ficat,
373 3321 426 3384 sed
449 3339 542 3402 supra
566 3321 699 3385 vidimus
722 3341 790 3386 eum
813 3339 905 3402 saepe
927 3322 958 3384 in
980 3321 1028 3384 his
1046 3323 1140 3387 rebus
1159 3324 1305 3405 loquendi
1324 3344 1439 3406 genere

267 3421 311 3484 nti
339 3423 456 3484 aetatis
491 3421 588 3485 multo
613 3422 794 3485 vetustioris
821 3422 960 3501 proprio.
1004 3422 1144 3502 profecto
1167 3425 1192 3487 si
1213 3431 1339 3489 veteres
1362 3445 1440 3509 quo-

266 3538 325 3600 qne
348 3519 553 3584 credidissent
576 3521 775 3600 epiniciorum
794 3521 895 3600 poetis
913 3539 973 3584 nen
996 3522 1119 3587 licuisse
1139 3524 1198 3587 nisi
1217 3525 1438 3604 heptachordis

266 3619 329 3697 uti,
360 3620 411 3682 vix
439 3621 542 3699 potnit
573 3618 759 3683 Theocritus
790 3618 949 3701 (1111145)
984 3621 1174 3686 Simonidem
1203 3623 1296 3688 laude
1327 3626 1439 3703 sempi-

267 3718 526 3782 ternahlcuadas
551 3726 583 3782 ct
602 3718 758 3798 Scopadas
778 3718 944 3783 donantem
967 3720 1087 3801 ,deride
1097 3719 1195 3786 αἰόλα
1217 3727 1338 3804 φωνεῖν
1359 3721 1439 3805 βάρ-

265 3821 357 3899 βιτον
378 3819 410 3891 ἐς
431 3816 644 3900 πολύχορδον
659 3817 829 3899 appellare.
865 3837 934 3882 nam
952 3819 1083 3899 epinicia
1107 3824 1214 3902 respici
1232 3841 1260 3886 v.
1272 3823 1312 3886 46
1329 3823 1436 3900 docet;

266 3918 348 4000 quod
374 3917 523 3981 barbiton
554 3919 614 3982 illis
637 3919 803 3996 tribuitur,
834 3925 925 3983 aucto
953 3920 1140 3984 chordarum
1169 3939 1294 3985 numero
1317 3919 1439 3986 cithara

267 4017 384 4082 barbiti
416 4019 546 4081 similior
576 4021 677 4082 evasit
706 4037 807 4099 oeque
826 4019 1009 4084 Theocritus
1040 4019 1328 4100 reprehendendus,
1357 4021 1438 4102 quod

264 4117 409 4182 barbiton
435 4119 535 4181 omnis
556 4117 735 4198 polychordi
757 4119 961 4183 instrumenti
983 4137 1092 4182 nomen
1109 4119 1209 4201 duxit,
1229 4118 1297 4184 cum
1315 4122 1439 4184 omnino
