3244 4976
825 363 919 440 ih,

255 539 362 628 ἀγωγή
385 543 565 623 exsisteret,
589 559 667 622 quae
688 560 726 606 ex
749 561 785 606 eo
810 547 947 624 tempore
970 542 1159 624 dithyrambi
1180 546 1307 627 propria
1330 546 1421 612 hahe-

259 641 364 708 batur.

343 740 555 806 Schneidewin
579 740 612 818 (l.
632 740 652 805 l.
674 759 706 821 p.
728 740 789 822 15),
818 757 1008 822 quamquam
1032 741 1169 824 ,duotog’
1190 742 1266 807 illud
1289 744 1317 807 ei
1339 763 1426 808 scru-

259 841 366 924 pulum
389 841 503 918 iniecit,
528 845 633 904 tamen
655 841 769 905 Lusum
789 842 933 905 eximium
952 849 1104 906 statorem
1123 843 1212 922 artis
1236 862 1295 906 non
1314 844 1425 925 depra-

259 947 400 1005 vatorem
430 940 527 1004 fuisse
557 941 717 1004 contendit
738 941 843 1004 allatis
864 940 1080 1020 Pherecratis,
1109 943 1161 1023 qui
1185 941 1425 1024 Melanippidem

258 1042 392 1123 primum
423 1047 588 1120 corruptae
616 1040 753 1105 musicae
776 1050 934 1104 auctorem
958 1042 1090 1122 inducit,
1123 1049 1155 1105 et
1177 1043 1317 1124 Dionysii
1338 1046 1426 1108 testi-

258 1139 380 1204 moniis.
425 1139 464 1202 dc
492 1139 642 1220 Dionysio
673 1140 734 1204 iam
766 1141 915 1217 vidimus;
948 1160 1051 1225 neque
1080 1143 1188 1206 comici
1217 1149 1329 1224 poetae
1358 1152 1427 1208 erat

257 1245 436 1303 accuratam
457 1238 536 1302 artis
558 1239 696 1304 musicae
713 1239 876 1305 historiam
894 1241 1037 1320 tradere;
1060 1241 1146 1306 vivos
1168 1242 1220 1306 ille
1241 1243 1425 1322 insectatur,

258 1338 297 1402 de
318 1338 400 1402 Laso
424 1338 549 1403 theatra
572 1358 634 1403 non
657 1338 822 1403 curabant.
864 1357 966 1421 neque
991 1340 1029 1404 de
1052 1340 1101 1404 his
1126 1341 1358 1422 depravationis
1381 1344 1427 1408 iu-

258 1439 422 1502 cunabuiis
457 1440 515 1502 nisi
545 1439 748 1503 eruditissimi
774 1439 923 1503 uidentur
956 1440 1100 1517 scivisse;
1133 1459 1204 1504 nam
1235 1442 1426 1524 λασίσμανα

260 1538 407 1620 (Hesyoh.
431 1557 455 1602 s.
478 1559 507 1604 v,
531 1539 624 1604 Mein.
645 1557 724 1604 corn,
748 1539 806 1604 inc.
829 1538 888 1618 frg.
912 1539 983 1620 158)
1013 1558 1073 1603 non
1101 1540 1140 1603 ad
1163 1541 1271 1606 modos
1295 1545 1426 1608 musicos

260 1639 307 1718 (ut
329 1637 513 1720 Bernhardy
536 1638 609 1702 hist.
633 1638 696 1704 litt.
720 1657 766 1719 gr.
789 1639 862 1720 111,
881 1644 940 1702 546
969 1647 1001 1704 et
1028 1640 1079 1703 alii
1109 1640 1273 1723 credunt),
1303 1643 1356 1706 sed
1387 1644 1425 1706 ad

258 1738 379 1802 ludicra
402 1756 551 1818 responsa
573 1738 700 1818 (Athen.
718 1739 793 1803 Vlll
811 1739 872 1804 338
885 1739 910 1802 Β
923 1743 983 1820 sq.)
1005 1741 1162 1820 pertinere
1184 1758 1283 1822 neque
1300 1759 1426 1806 causam

259 1855 337 1917 esso,
369 1857 424 1901 cur
446 1857 482 1902 ex
504 1837 650 1919 Hesychii
671 1839 741 1904 loco
765 1856 832 1903 cum
856 1839 1012 1905 Meiuekio
1037 1858 1159 1905 versum
1182 1842 1331 1906 comicum
1355 1841 1427 1905 edo-

258 1938 370 2019 lemns,
393 1947 478 2002 recte
500 1945 603 2002 monet
625 1937 836 2004 Schneidewin
860 1957 889 2019 p.
912 1939 960 2005 18.

340 2055 503 2119 Plutarchi
533 2061 637 2118 autern
670 2062 756 2119 totus
779 2055 864 2122 loeus
888 2057 926 2121 oh
950 2057 983 2121 id
1004 2058 1105 2138 ipsum
1129 2057 1255 2121 maximi
1277 2061 1423 2122 momenti

258 2160 315 2233 est,
338 2154 419 2236 quod
443 2159 552 2217 contra
575 2154 734 2234 vulgarem
758 2156 936 2236 opinionem
959 2176 1015 2220 nos
1039 2157 1128 2220 docet
1150 2176 1270 2240 eorum,
1296 2159 1333 2221 do
1356 2159 1424 2240 qui·

257 2252 318 2316 bus
346 2255 495 2333 temporis
526 2256 588 2318 acti
610 2255 792 2319 laudatores
817 2257 906 2335 queri
930 2255 1091 2335 solebant,
1120 2259 1252 2337 primam
1273 2259 1423 2337 originem

263 2353 303 2418 ab
332 2360 437 2417 aetate
466 2353 665 2434 repetendam
695 2372 763 2418 esse
790 2356 965 2420 uetustiore
991 2356 1035 2418 eis
1056 2356 1146 2436 viriS,
1176 2373 1255 2436 quos
1279 2365 1314 2420 ut
1337 2377 1426 2438 prae-

258 2453 365 2533 cipuos
394 2455 530 2518 musicae
559 2472 657 2534 purae
689 2461 721 2518 et
749 2455 889 2520 sincerae
919 2463 1064 2519 auctores
1087 2455 1131 2518 illi
1153 2459 1285 2522 maxime
1307 2459 1423 2523 colunt.

260 2553 341 2616 idem
372 2553 455 2616 cadit
484 2555 513 2615 in
544 2553 795 2636 polychordiam‚
826 2574 889 2636 qua
911 2557 1011 2620 Lasus
1042 2556 1187 2619 tibiarum
1210 2557 1425 2640 πολυφωνίαν

257 2671 394 2736 aequare
416 2652 576 2717 studebat.

341 2759 441 2823 Verae
463 2759 674 2843 polyphoniae
695 2761 715 2824 i.
728 2779 753 2825 e.
776 2761 957 2842 plusquam
979 2762 1109 2827 duarum
1127 2781 1235 2827 vocum
1256 2774 1425 2830 concentus

260 2859 584 2924 commemorationem
615 2861 646 2923 in
676 2860 742 2924 solo
772 2861 893 2925 Aeliani
918 2861 1069 2926 Platonici
1098 2862 1165 2926 loco
1189 2898 1226 2908 —
1250 2872 1426 2946 συμφωνία

257 2959 327 3024 ἐστὶ
350 2959 443 3022 δυοῖν
465 2954 487 3043 ἤ
508 2957 668 3023 πλειόνων
691 2958 909 3043 φθόγγων
933 2965 1046 3042 κρᾶσις
1069 2962 1119 3044 (cf.
1140 2961 1281 3043 Westph.
1306 2965 1354 3028 11³
1373 2963 1424 3047 38)

257 3095 297 3105 -
319 3067 442 3123 exstare
463 3061 647 3141 fateremur,
678 3061 737 3124 uisi
759 3060 924 3126 Guhrauer
945 3060 964 3125 l.
984 3061 1004 3124 i.
1037 3079 1092 3125 nos
1122 3061 1247 3125 doceret
1277 3063 1372 3128 verba
1393 3061 1427 3146 pi*

257 3158 426 3222 πλειόνων
452 3160 640 3224 auctoritate
667 3160 791 3224 omnino
814 3160 965 3224 destituta
989 3178 1065 3224 esso.
1111 3179 1183 3224 nam
1205 3162 1236 3224 iu
1258 3161 1424 3244 Porphyrii

257 3260 297 3323 ad
318 3260 450 3324 Ptolem.
473 3260 712 3338 commentario,
743 3259 797 3323 ubi
819 3260 869 3324 hic
890 3259 978 3323 locus
1001 3259 1151 3341 affertur,
1184 3260 1299 3325 desunt
1322 3280 1424 3344 neque

258 3359 431 3440 Westphal‚
453 3361 537 3424 unde
559 3359 708 3438 hauserit,
731 3359 859 3424 indicat,

340 3475 429 3552 Quod
459 3476 590 3556 denique
621 3475 778 3540 Pindarus
805 3475 841 3540 0.
864 3475 931 3557 3,8
960 3495 994 3540 se
1025 3495 1130 3540 vocem
1161 3476 1326 3540 humanam
1356 3495 1425 3541 cum

257 3575 378 3640 cithara
409 3584 442 3638 et
476 3574 559 3639 tibiis
593 3575 721 3640 miscere
754 3580 906 3654 testatur,
949 3576 1061 3641 iniuria
1095 3575 1167 3641 hinc
1196 3575 1425 3657 Westphalium

258 3674 299 3758 (p.
321 3676 373 3757 39)
406 3673 530 3739 efficere
559 3673 686 3738 Pindari
723 3674 871 3738 musicam
910 3693 971 3739 nou
1002 3677 1104 3740 minus
1132 3683 1284 3758 quattuor
1316 3695 1424 3740 vocum

258 3775 353 3839 fuisse
375 3784 459 3838 recte
476 3775 614 3838 Gevaert
632 3774 747 3855 (1371)
766 3783 799 3838 et
815 3773 980 3839 Guhrauer
996 3783 1193 3840 monuerunt.
1237 3793 1426 3856 quamquam

258 3891 335 3955 quos
356 3874 399 3938 illi
422 3875 532 3939 modos
554 3881 735 3938 statuerunt
750 3881 878 3938 cantum
894 3894 961 3939 cum
980 3876 1195 3940 instrumentis
1210 3876 1255 3939 ita
1267 3875 1425 3954 iungendi,

256 3981 292 4040 ut
323 3973 537 4054 heterophona
567 3980 689 4038 tantum
719 3975 838 4040 musica
869 3976 1052 4054 exsisteret,
1081 3994 1117 4039 eo
1146 3974 1310 4055 laborant,
1342 3973 1425 4054 quod

256 4074 403 4138 tibiarum
433 4081 564 4137 naturae
594 4075 746 4138 rationem
778 4093 837 4137 uon
866 4074 1061 4154 habuerunt3
1091 4073 1180 4137 binas
1209 4074 1289 4136 enim
1321 4073 1425 4150 tibias,

257 4191 335 4255 quas
357 4173 481 4238 iunctas
501 4172 655 4240 inflabant
676 4173 828 4258 tibicines
851 4175 917 4240 veri
939 4175 1039 4238 simite
1060 4191 1121 4236 non
1139 4181 1189 4238 est
1206 4181 1263 4236 aut
1276 4173 1425 4237 unisonas
