3244 4976
717 354 755 418 77

150 535 310 601 endosimo
333 537 373 619 (v.
392 555 422 618 p.
446 533 497 618 58)
520 534 739 616 comparanda.
774 533 945 598 certissime
967 531 1007 596 ad
1026 534 1222 614 praeludium
1239 531 1317 598 refe-

149 636 278 700 rendum
302 637 469 702 Simonidis
491 636 550 716 frg.
571 640 627 700 to:
649 633 704 718 ίμή
723 641 777 715 μοι
799 631 1010 711 καταπαύετζ
1033 634 1171 714 ἐπείπερ
1193 631 1318 716 ἄρξατο

149 735 380 820 τερπνοτάτων
398 736 523 819 μελέων
544 733 563 799 o‘
583 734 756 816 καλλιβόας·
776 732 976 815 πολύχορδος
1002 733 1108 807 αδλός’
1118 735 1150 814 ¹).
1194 752 1232 797 ex
1258 754 1317 798 usu

151 836 430 920 instrumentorum
461 835 624 916 praeludia
659 834 791 915 singulis
820 834 965 898 carminis
996 834 1145 914 cuiusque
1177 834 1318 914 partibus

151 935 373 1015 praemittendi
394 934 561 1018 ἀναβολάς
581 934 848 1016 clithyrambormn
873 933 1070 1015 explicandas
1092 933 1194 998 credo.
1230 933 1319 1014 toe'noc·

151 1035 349 1117 ssoillauom'
375 1042 425 1100 est
447 1035 584 1116 ,canendi
607 1035 728 1098 initium
749 1033 868 1113 lacere,
896 1033 978 1114 quod
999 1033 1178 1114 praemissis
1204 1034 1319 1098 instru-

152 1135 246 1199 menti
270 1136 355 1200 sonis
377 1134 552 1216 significare
574 1134 726 1198 solebant.
770 1152 831 1197 non
855 1138 938 1197 recte
960 1132 1137 1196 Volkmann
1162 1133 1214 1212 (ad
1236 1133 1319 1197 Plut.

154 1234 191 1298 de
212 1253 291 1300 mus.
316 1252 340 1299 c.
364 1235 416 1315 30)
443 1234 610 1316 α’ναβοῖάς
632 1239 790 1314 tamquam
817 1231 943 1298 exordia
972 1232 1107 1313 propriis
1129 1231 1321 1314 dithyrambi

153 1335 296 1415 partibus
318 1334 738 1416 p1·aenissafuisseputat;
766 1350 838 1396 uam
861 1331 1046 1396 Aristoteles
1066 1331 1145 1396 rhet.
1170 1332 1219 1413 3,9
1242 1331 1322 1394 αόα-

153 1431 254 1515 βολάς
275 1433 520 1516 antistrophicue
540 1432 778 1515 compositionis
799 1431 918 1496 vicibus
939 1429 1026 1510 iungi
1049 1429 1139 1510 dicit;
1173 1432 1256 1496 unde
1279 1431 1322 1495 ef-

154 1531 317 1598 ficiendum
341 1540 440 1599 totum
463 1533 690 1614 dithyramhum
711 1532 890 1614 ἀναβολαῖς
911 1530 1117 1611 compositum
1139 1529 1245 1594 fuisse.
1290 1531 1321 1595 in

156 1634 388 1715 antistrophicis
405 1634 593 1699 carminibus
608 1633 805 1715 rythmorum
823 1631 1009 1713 repetitione
1021 1629 1164 1694 carminis
1182 1629 1321 1694 membro

156 1740 338 1812 cernuntur,
366 1735 398 1798 in
421 1734 625 1815 dithyrambis
647 1752 682 1798 eo
708 1736 830 1797 tantum
853 1737 960 1812 portes
983 1730 1208 1810 noscebantur,
1236 1729 1321 1813 quod

156 1831 313 1897 interdurn
340 1840 449 1899 cantus
475 1834 631 1898 silentium
655 1838 687 1896 et
713 1849 827 1896 novum
850 1831 941 1913 quasi
969 1830 1091 1894 initium
1116 1836 1321 1901 -nimirum

157 1931 342 2014 interposito
360 1935 637 1998 instrumentorum
656 1932 870 2015 praeludio-
887 1931 992 1996 fiehnt.
1027 1934 1129 1998 abhis
1146 1935 1325 2017 ἀναβολαῖς

157 2031 242 2111 ipsae
258 2037 366 2112 partes
381 2035 545 2115 αόαβοῖαῖ
553 2033 731 2114 appellatae
741 2036 824 2111 sunt,
841 2051 911 2096 nam
927 2038 1004 2114 quot
1019 2034 1184 2117 αόαβολαί
1195 2035 1323 2117 fiebant,

157 2135 207 2194 tot
234 2138 342 2212 partes
375 2140 485 2198 cantus
513 2132 660 2197 habebat.
707 2133 792 2212 quod
820 2151 889 2198 curn
918 2133 1083 2216 αόαβολαῖ
1107 2136 1245 2217 strophis
1275 2155 1323 2201 re·

158 2232 351 2312 spondeant,
381 2233 439 2296 hoc
472 2250 596 2314 quoque
628 2233 750 2297 nornine
782 2234 939 2297 sententia
971 2241 1078 2300 nostra
1113 2235 1323 2315 confirmatur,

158 2329 286 2394 Pindari
315 2333 485 2398 carminum
521 2331 667 2413 strophas
701 2332 893 2414 interpositis
930 2333 1208 2400 instrumentorum
1239 2336 1323 2401 sonis

157 2430 322 2494 distinctas
342 2429 450 2496 fuisse.

240 2531 344 2596 Etiam
362 2533 406 2596 rei
422 2532 557 2597 musicae
577 2532 746 2614 scriptores
764 2531 803 2597 de
818 2532 865 2596 his
882 2532 1160 2599 instrumentorum
1180 2535 1322 2616 partibus

159 2632 255 2696 verbo
282 2631 434 2696 fecerunt.
485 2631 639 2696 Aristides
669 2631 775 2708 Quint.
804 2631 819 2696 Ι
848 2635 887 2695 26
920 2633 1002 2696 notis
1032 2632 1324 2698 instrumentalibus

159 2731 326 2812 significari
356 2731 432 2796 dicit
461 2731 513 2813 ιτοὶ
543 2732 630 2795 κῶλα
657 2736 715 2794 καί
740 2731 784 2794 coi
811 2732 847 2794 ἐν
872 2736 945 2806 ταῖς
971 2731 1072 2814 ᾠδαῖς
1095 2732 1275 2814 pauculae
1304 2729 1326 2817 ἢ

160 2831 245 2920 ψιλοὶ
269 2828 456 2913 κρούματα.
498 2831 585 2894 κῶλα
615 2830 792 2912 significare
820 2831 928 2895 modos
958 2850 1042 2896 mere
1069 2832 1325 2896 instrumentales

160 2948 228 2994 cum
250 2928 350 3012 ᾠδαῖς
367 2949 427 2995 non
447 2931 627 2995 coniunctos
648 2938 733 2994 etex
751 2929 811 2994 hoc
833 2948 951 2995 conexu
972 2934 1105 3012 apparet
1126 2935 1211 2995 etex
1232 2950 1262 3012 p.
1275 2931 1326 3012 91,

163 3029 214 3094 ubi
236 3030 389 3096 melodiae
410 3033 445 3093 ἓν
459 3053 496 3092 aa
513 3027 584 3104 ταῖς
598 3027 698 3111 ᾥδαῖς
710 3029 763 3092 καὶ
779 3031 814 3093 ἐν
828 3033 895 3103 τοῖς
907 3025 1017 3102 κώλοις
1037 3038 1326 3096 commemorantur.

162 3130 249 3209 (item
278 3129 474 3211 aBryennio
502 3148 531 3210 p.
555 3131 617 3195 390
644 3128 727 3211 ᾠδαὶ
749 3126 860 3203 κώλοις
880 3127 1091 3212 opponuntur)
1102 3129 1136 3213 Β).
1179 3131 1211 3195 id
1233 3149 1326 3195 unum

230 3279 256 3344 1)
275 3276 353 3331 Pind.
373 3277 408 3330 N.
427 3277 502 3340 525:
531 3276 639 3346 tApollo
665 3275 693 3329 in
718 3275 808 3330 medio
832 3275 973 3330 Musarum
995 3277 1078 3332 choro
1105 3278 1224 3348 psallens
1243 3277 1328 3345 ἁγεῖτο

159 3370 288 3416 παντοίων
306 3364 395 3426 νόμων’
414 3364 508 3418 utrum
521 3364 556 3417 ad
575 3362 768 3434 praeludium
786 3363 822 3416 ad
840 3361 916 3416 ducis
935 3380 1034 3418 nunnus
1046 3381 1095 3432 per
1110 3364 1201 3436 ipsum
1216 3367 1329 3420 cantum

161 3449 303 3517 pertinens
328 3449 519 3520 referendum,
544 3449 650 3506 dubito.
687 3448 767 3504 nimis
791 3449 907 3504 fidenter
925 3449 1017 3504 Christ
1039 3449 1132 3519 (Matr.
1154 3452 1216 3520 671)
1241 3451 1330 3504 totius

161 3535 293 3605 strophae
318 3537 414 3592 modos
437 3535 500 3591 solis
524 3535 716 3591 instrumentis
741 3535 849 3606 praeire
869 3537 975 3591 veteres
998 3537 1093 3592 solitos
1114 3538 1246 3593 essehoc
1269 3537 1329 3592 loco

162 3623 316 3678 confirmat.

230 3709 257 3778 2)
275 3708 349 3763 idern
367 3707 454 3778 igitur
468 3707 582 3763 verbum
602 3711 630 3764 et
648 3709 754 3779 rythmi
773 3707 938 3779 particulam
952 3710 982 3763 et
1000 3710 1093 3764 modos
1107 3709 1226 3764 musicos
1244 3707 1331 3779 signi·

162 3794 234 3849 ficat.
277 3794 344 3848 hinc
370 3795 461 3848 lucem
490 3794 630 3864 accipiunt
656 3795 709 3850 duo
736 3794 901 3849 comicorum
927 3794 981 3848 loci
1011 3796 1136 3864 (Damon.
1163 3795 1331 3866 Syntrophoi

162 3881 247 3936 Mein.
266 3881 306 3935 IV
325 3882 373 3936 531
399 3883 428 3936 eh
446 3881 594 3936 Ahhenion.
614 3882 752 3937 Samothr.
770 3881 808 3935 ib.
827 3881 903 3952 558),
932 3880 979 3934 ubi
1002 3889 1143 3951 περίκομμα
1168 3884 1195 3937 eh
1215 3902 1331 3953 περικομ-

161 3969 254 4028 μοῖτιον
273 3967 356 4022 simul
376 3971 405 4022 et
427 3967 518 4022 cibum
543 3969 680 4037 quendam
705 3971 735 4023 et
757 3967 844 4023 tibiae
870 3967 964 4020 modos
989 3968 1134 4038 significat.
1169 3985 1235 4022 narn
1257 3969 1331 4022 inter

162 4062 305 4124 περίκομμα
332 4056 501 4110 musicorum
526 4057 554 4110 et
580 4055 723 4110 metricam
749 4055 887 4124 περικοαήν
912 4053 1014 4122 (Christ
1037 4053 1118 4108 Metr.
1148 4055 1207 4122 133)
1235 4055 1330 4108 eadem

164 4141 237 4196 ratio
256 4141 404 4196 intercedit
420 4157 490 4209 quae
508 4141 582 4196 inter
600 4141 677 4194 κοῖλοι
695 4142 839 4198 metricum
859 4141 888 4194 et
905 4139 982 4194 κῶλον
999 4139 1141 4196 musicum.
