3244 4976
838 349 878 410 2⁰2

274 524 442 609 κρούματα
469 523 630 606 appellari.
674 543 775 606 neque
803 530 907 589 autem
937 526 1004 606 cogi
1035 543 1091 589 nos
1113 524 1224 588 Photio
1244 522 1356 587 falsam
1379 522 1437 587 loci

275 623 437 703 Eupolidei
460 623 752 704 interpretationem
775 622 931 703 imputare
953 624 1113 704 sequeutia
1136 621 1298 685 docebunt.

358 739 473 804 Addita
495 743 663 822 τερετίζων
685 739 816 804 Photius
846 739 981 820 explieat
1009 737 1212 820 νιγίοιρεύων.
1257 755 1293 801 ac
1314 755 1347 800 re
1369 754 1445 800 vcra

276 837 461 902 Aristoteles
490 843 679 917 personatus
706 836 807 918 probl.
839 842 885 915 19,
902 843 939 902 10
965 840 1137 918 τερετίζειν
1163 833 1337 916 significare
1370 834 1445 897 dicit

277 935 389 1018 φωνήν
411 929 493 997 δι’νεν
509 932 604 1014 λόγον
622 930 773 1017 ᾄδοντος,
799 935 881 1015 quod
903 934 1105 1000 confirmatur
1126 953 1144 997 a
1166 932 1363 1010 PhilodemO,
1389 931 1444 1011 qui

276 1034 334 1098 col.
351 1032 457 1097 XXIX
479 1031 555 1095 dicit
576 1034 711 1096 musicos
733 1030 913 1116 α’σήμαντα
930 1031 1126 1094 ἀναδιδόναι
1145 1029 1305 1111 καθάπερ
1325 1029 1368 1091 w*
1390 1027 1446 1091 διοὲ

240 1141 256 1162 ’
276 1135 342 1196 τῶν
364 1133 510 1213 ὀργάνων
532 1132 585 1194 καὶ
608 1132 651 1194 τοὶ
672 1155 769 1213 τερ..
784 1180 809 1211 .,
831 1132 882 1195 ubi
900 1130 1127 1213 τερετιζόμενα
1148 1130 1323 1211 (sicRosini
1340 1145 1445 1192 vocem

277 1230 486 1311 redintegrat)
516 1230 564 1294 vel
585 1234 806 1311 τερετίσματοι
833 1232 861 1295 ei
883 1231 951 1295 soni
975 1231 1138 1309 dicuutur,
1171 1229 1224 1310 qui
1247 1247 1307 1292 nou
1328 1228 1447 1290 instru-

277 1331 406 1408 mentiS,
435 1328 490 1392 scd
512 1346 586 1392 voce
607 1326 697 1406 fiunt,
720 1329 850 1393 rationis
875 1336 979 1393 tamen
1003 1333 1147 1407 expertes
1169 1333 1251 1390 suut.
1294 1329 1335 1393 ad
1356 1348 1447 1410 κριο-

279 1426 441 1512 σμοιτικήν
462 1433 564 1490 autem
590 1425 692 1507 λε’ξιν,
723 1427 845 1509 qualem
868 1426 1016 1505 intelligit
1038 1424 1201 1506 PolybiuS,
1232 1428 1374 1508 proxime
1395 1446 1447 1493 ac·

278 1526 359 1588 cedit
386 1524 573 1588 Plutarchus
597 1523 732 1602 (Platon.
756 1529 875 1604 quaest.
896 1525 1029 1605 XM),
1067 1543 1135 1589 cum
1166 1542 1233 1602 eoa,
1263 1527 1318 1606 qui
1348 1527 1447 1591 velint

278 1623 360 1686 solas
380 1622 613 1686 coniunctiones
635 1623 885 1703 praepositiones
906 1622 1056 1687 articulos
1078 1623 1199 1687 omissis
1218 1623 1393 1687 nominibus
1415 1630 1447 1688 et

279 1720 381 1784 verbis
411 1721 616 1800 coniungere,
654 1724 825 1801 τερετίζειν
854 1720 959 1801 potius
990 1721 1066 1784 dicit
1096 1737 1186 1801 quam
1218 1719 1446 1801 διαλεγεσθαη

278 1817 351 1880 item
376 1818 578 1896 Aristoteles,
608 1837 678 1882 cum
705 1818 823 1899 analyt.
845 1824 925 1899 post.
947 1818 1009 1882 lat
1039 1815 1126 1880 ideas
1155 1817 1296 1882 Platonis
1327 1823 1446 1900 τερετί-

280 1935 392 1997 σματα
413 1935 482 1980 esse
505 1917 590 1996 dicit,
611 1919 630 1982 i.
651 1937 676 1982 e.
699 1919 870 1999 interprete
888 1917 1060 1998 Philopono
1081 1917 1322 1998 (r.Steph.lex.)
1337 1917 1448 1998 λόγους

279 2015 432 2098 ῥημάτων
450 2017 557 2105 ψιλῶν
576 2018 721 2091 διανοίας
740 2021 854 2080 κενοῖν.

365 2130 451 2207 Quae
482 2133 584 2194 orrrnia
612 2150 741 2211 prorsus
771 2131 917 2195 videntur
945 2149 1013 2193 cum
1040 2129 1187 2194 Mciuekii
1217 2135 1248 2194 et
1270 2131 1382 2196 Kockii
1409 2133 1447 2198 de

280 2228 409 2307 niglaris
427 2230 583 2292 sententia
599 2228 711 2294 facere.
755 2235 894 2294 attamen
918 2230 1088 2309 τερετίζειν
1109 2245 1173 2290 non
1196 2228 1354 2293 hominum
1376 2250 1448 2312 pro-

280 2328 382 2406 prium
405 2346 491 2407 esse,
521 2328 576 2392 sed
599 2347 666 2392 cum
690 2328 730 2392 ad
753 2330 856 2393 avium
881 2327 1119 2408 cicadarumque
1144 2333 1285 2408 cantum,
1317 2336 1384 2394 tum
1406 2331 1446 2395 ad

279 2426 362 2505 ipsos
403 2427 684 2490 instrumentorum
725 2445 818 2491 sonos
860 2426 1001 2490 adhiberi
1045 2426 1150 2490 multis
1193 2433 1331 2492 veterum
1373 2432 1447 2496 loeis

281 2525 435 2588 docemur.
478 2526 523 2589 vcl
548 2523 633 2588 tibiis
653 2525 701 2588 vel
715 2525 827 2589 fidibus
841 2529 1061 2606 τερετίσματα
1082 2524 1264 2589 tribuuntur
1276 2544 1311 2589 ac
1331 2529 1446 2607 partim

279 2626 450 2701 τερετίζειν
472 2624 615 2687 universe
630 2622 786 2702 significat
798 2626 1016 2706 ,instrumento
1032 2623 1147 2687 musico
1161 2624 1290 2703 cauere',
1313 2660 1350 2671 -
1363 2627 1449 2690 velut

279 2719 310 2780 in
344 2717 511 2800 Phrynichi
542 2721 649 2785 comici
678 2721 894 2786 Comastarum
930 2720 988 2783 hoc
1015 2738 1122 2785 versu:
1153 2720 1224 2802 ιε’γοί
1250 2722 1288 2784 δὲ
1314 2727 1378 2805 νῷν
1406 2726 1450 2811 δή

278 2820 411 2898 τερετιῶ
432 2819 470 2880 cd
494 2818 683 2899 nvtotcxo'r’,
706 2821 759 2902 qui
782 2821 959 2884 illustratur
977 2817 1180 2899 Nicophontis
1200 2838 1293 2884 versu
1311 2822 1448 2887 cChiro-

280 2917 460 2993 gastoribus
483 2916 589 2980 eodem
612 2918 677 2981 loco
700 2936 719 2981 a
744 2919 868 2983 Polluce
892 2917 945 3000 (IV
961 2916 1015 2996 55)
1041 2916 1153 2980 allato:
1184 2915 1264 2995 (ἀλλ’
1281 2918 1334 2981 ἴθι
1356 2942 1450 3000 προς-

279 3012 423 3096 αύλησον
449 3016 494 3078 στί
521 3019 586 3098 νῷν
616 3015 763 3099 πτισμόν
784 3039 857 3079 τινα
866 3016 889 3079 δ’
918 3015 968 3095 (cf.
991 3012 1126 3092 Hesych.
1148 3019 1377 3097 τερετίσματα·
1404 3041 1448 3080 κι-

279 3112 389 3193 θάρας
404 3114 585 3195 κρούματα)
604 3151 642 3161 -
665 3117 780 3196 partim
801 3113 961 3194 singulare
984 3113 1144 3176 modorum
1163 3131 1262 3193 genus
1278 3120 1448 3196 τερετίζειν

279 3211 413 3286 indicat3
444 3213 550 3292 itaque
577 3213 757 3293 Anonymus
788 3212 933 3275 Bellerm.
964 3210 994 3292 (ἓ
1016 3215 1053 3273 10
1072 3239 1111 3263 =
1131 3215 1184 3290 92)
1214 3218 1246 3275 ct
1271 3211 1446 3294 Bryennius

280 3311 322 3390 (p.
343 3314 398 3373 481
426 3310 475 3374 ed.
498 3311 619 3390 Wallis)
647 3309 840 3392 τερετισμόν
871 3311 1057 3392 peculiarem
1091 3311 1247 3392 quandam
1279 3311 1447 3378 artificiose

279 3408 328 3472 vel
351 3410 480 3473 canendi
504 3409 553 3472 vel
576 3409 730 3489 psallendi
753 3410 884 3489 figuram
907 3416 1036 3488 vocant,
1067 3412 1154 3474 cuius
1182 3430 1264 3491 quae
1285 3413 1380 3477 fucrit
1402 3415 1448 3477 in·

280 3509 364 3572 doles
387 3528 446 3572 nou
471 3516 616 3589 potesta
640 3509 728 3574 nobis
751 3515 899 3574 accurate
921 3512 1073 3590 cognosci,
1097 3510 1220 3576 videtur
1236 3516 1338 3575 tamen
1355 3515 1446 3579 unius

279 3609 346 3671 soni
373 3609 483 3672 crebra
504 3612 691 3689 repetitione
714 3614 844 3674 mamma
867 3611 978 3676 effecta
1001 3630 1077 3676 esse.
1119 3617 1284 3693 praeterea
1307 3631 1327 3675 a
1350 3614 1446 3678 Suida

278 3713 498 3789 τερετίσματα
517 3718 668 3774 vocantur
690 3709 772 3792 ρι’δαὶ
794 3711 964 3795 οἷπατιρλαὶ
987 3714 1042 3775 καὶ
1064 3713 1235 3776 deterreat
1255 3722 1287 3776 et
1308 3709 1445 3798 ᾄσματα

279 3807 404 3871 datura.
449 3809 562 3890 quibus
587 3809 690 3873 verbis
714 3829 775 3874 non
798 3812 888 3874 credo
911 3813 1011 3876 solum
1034 3813 1111 3878 illud
1136 3813 1301 3877 artificium
1325 3815 1444 3895 respici,

279 3909 311 3972 id
329 3908 412 3986 quod
425 3907 656 3990 Bellermanno,
680 3912 732 3991 qui
753 3912 834 3975 hunc
851 3912 950 3975 locum
970 3912 1078 3976 attulit
1101 3912 1133 3993 (l.
1145 3912 1164 3976 l.
1181 3931 1209 3993 p.
1222 3914 1285 3993 25),
1309 3914 1446 3993 ridetur;

279 4007 332 4071 sed
355 4013 575 4090 cepsctopora
597 4010 645 4074 hic
666 4012 789 4075 omnino
808 4011 1019 4077 effeminatum
1041 4020 1072 4077 et
1089 4013 1292 4078 artificiosum
1311 4016 1446 4079 musicae

279 4127 377 4188 genus
399 4108 592 4189 significant3
625 4111 757 4176 technici
779 4119 900 4194 autem,
923 4119 961 4177 ut
980 4131 1083 4194 saepe,
1105 4132 1209 4177 vocem
1232 4133 1270 4178 ex
1291 4114 1446 4178 communi
