3244 4976
841 279 861 342 6

272 457 444 538 intellegit,
473 476 533 540 quo
562 459 669 538 plures
700 477 821 538 semper
851 456 917 520 soni
952 457 1040 520 simul
1071 456 1264 520 dimittantur.
1305 462 1433 518 atvero

273 557 434 636 Minerva,
465 577 532 622 cum
563 559 628 622 sola
654 564 800 634 caneret,
828 574 889 620 non
918 556 1022 636 potuit
1050 555 1120 635 plus
1151 554 1227 618 duos
1256 573 1347 618 sonos
1375 572 1434 617 uno

273 663 412 736 tempore
444 657 538 720 tibiae
564 658 689 736 elicere,
727 657 818 737 qviale
849 656 979 720 canendi
1006 673 1104 734 genus
1131 662 1166 718 ut
1196 673 1290 735 supra
1324 654 1435 733 negavi

273 756 508 838 πολυφωνίας
528 757 622 821 verbo
645 757 796 837 indicari,
818 757 863 819 ita
886 755 1023 836 epitheto
1045 751 1246 836 πάμφωνος
1268 752 1435 834 significari

272 857 412 937 potuisse
434 873 594 936 nunquam
615 856 749 920 credam.

355 979 505 1044 Sonorum
532 979 754 1043 abundantiam
783 979 901 1043 indicat
925 977 1096 1056 PindaruS,
1129 993 1222 1059 quam
1244 993 1312 1039 cum
1335 975 1436 1054 primo

274 1081 408 1142 omnium
440 1078 550 1142 tribuit
580 1079 726 1142 tibiarum
758 1079 880 1157 cantui,
910 1077 991 1140 idom
1013 1077 1097 1139 valet
1119 1094 1155 1139 ac
1177 1071 1202 1139 si
1225 1075 1438 1156 πολυφωνίαν

275 1179 357 1243 tibiis
394 1187 507 1242 natura
543 1179 668 1241 insitam
703 1178 886 1243 lautlaverit.
945 1195 1017 1239 nam
1047 1176 1128 1257 quod
1160 1176 1254 1255 Leop.
1286 1173 1436 1250 Schmidt,

274 1279 436 1356 Hartung,
459 1277 584 1358 Mezger
605 1296 664 1341 non
687 1277 782 1341 tibiae
804 1279 1032 1357 inventionem,
1055 1276 1110 1339 sed
1130 1274 1226 1339 solius
1247 1276 1328 1336 nomi
1349 1273 1435 1356 poly-

274 1377 394 1457 cephali
416 1377 465 1440 hic
487 1377 595 1441 referri
617 1377 820 1456 contendunt,
849 1396 910 1440 non
935 1378 1032 1456 video,
1055 1375 1205 1457 qvtomodo
1221 1393 1303 1455 quae
1321 1377 1438 1453 v.6sq.

275 1484 462 1541 narrantur:
504 1477 621 1541 Midam
660 1497 697 1542 ea
733 1485 801 1539 arte
833 1477 955 1560 (τέχνᾳ)
990 1477 1119 1555 vicisse,
1156 1493 1249 1556 quam
1283 1474 1438 1539 invenerit

274 1579 419 1659 (ἐφεῦρε)
446 1577 604 1653 Minerva,
643 1594 712 1639 cum
743 1576 923 1655 Gorgonum
959 1575 1215 1638 lamentationem
1250 1575 1437 1652 imitaretur,

275 1677 367 1740 aliter
388 1677 510 1756 possint
528 1675 659 1754 intelligi
680 1676 737 1738 nisi
757 1675 795 1738 de
816 1675 910 1739 tibiae
929 1675 1117 1737 inventione.
1160 1692 1201 1736 an
1217 1681 1323 1754 potest
1338 1683 1437 1736 artem

274 1778 412 1840 invenire
435 1778 461 1841 is
483 1777 553 1856 dici,
576 1778 627 1856 qui
650 1777 728 1839 artis
751 1777 811 1838 iam
834 1777 978 1838 inventae
1000 1775 1157 1854 singulare
1179 1775 1333 1855 specimen
1349 1773 1438 1837 editt

276 1879 370 1957 Leop.
388 1877 527 1942 Schmidt
548 1884 716 1956 propterea
739 1879 833 1954 negat
856 1875 893 1938 de
917 1874 1014 1938 tibiae
1034 1874 1213 1937 inventione
1232 1872 1281 1937 hic
1299 1874 1439 1952 cogitan-

275 1979 346 2040 dum
379 1995 464 2053 esse,
494 1977 568 2058 qtria
596 1982 670 2038 nota
691 1974 743 2038 illa
765 1974 871 2038 fabula
895 1973 1156 2038 detrectationem
1180 1973 1335 2053 quandam
1359 1973 1436 2036 artis

275 2077 434 2140 contineat
456 2094 555 2156 neque
570 2093 600 2139 v.
620 2077 669 2155 hh,
691 2075 742 2138 ubi
765 2074 906 2138 Minerva
928 2074 1041 2137 dicitur
1063 2073 1227 2149 invenisse,
1250 2076 1287 2135 ut
1308 2071 1438 2135 homini-

276 2177 334 2239 hus
365 2175 523 2254 traderet,
551 2175 592 2238 ad
622 2174 702 2238 hanc
727 2173 863 2238 fabulam
886 2175 1028 2253 quadret.
1073 2173 1127 2236 sed
1150 2172 1274 2235 minime
1295 2171 1438 2235 omnibus

275 2277 355 2339 lianc
378 2275 415 2338 de
438 2274 579 2338 Minerva
603 2273 696 2337 tibias
721 2282 886 2354 respuente
914 2272 1050 2336 tabulam
1073 2276 1230 2352 acceptam
1252 2269 1346 2334 fuisse
1370 2289 1437 2334 cum

276 2395 312 2437 ex
332 2376 399 2453 ipso
418 2373 546 2436 Pindari
568 2373 703 2436 carmine
726 2373 909 2453 concludas,
934 2378 999 2436 tum
1020 2371 1104 2452 inde,
1127 2371 1208 2452 quod
1230 2368 1289 2434 luit
1309 2371 1437 2450 quidam

276 2491 383 2536 numus
410 2472 581 2552 auleticus,
610 2473 662 2551 qui
685 2472 842 2536 Minervae
869 2490 981 2535 nomus
1012 2470 1230 2552 appellabatur
1258 2468 1309 2551 (cf.
1332 2469 1437 2549 Bergk

276 2572 382 2637 PLGr.
404 2572 466 2635 111⁴
484 2590 515 2652 p.
534 2570 576 2654 5).
618 2571 772 2635 Pindarus
794 2578 915 2651 autem,
946 2576 981 2635 ut
1008 2571 1133 2635 minime
1163 2571 1243 2634 solet
1272 2571 1349 2633 artis
1371 2572 1438 2633 vin·

276 2672 351 2737 culis
374 2691 407 2735 se
428 2673 473 2736 eis
496 2673 681 2750 astringere,
703 2690 783 2752 quiae
808 2672 846 2735 de
868 2671 933 2734 deis
952 2671 1005 2734 alii
1023 2669 1219 2748 tradiderint,
1240 2670 1362 2749 itaeoS,
1385 2671 1438 2750 qui

276 2778 405 2853 propter
428 2771 655 2835 deformitatem
677 2777 740 2834 oris
764 2771 870 2835 tibiam
892 2791 909 2834 a
929 2771 1070 2834 Minerva
1092 2769 1247 2833 abiectam
1267 2767 1439 2848 lingebant,

277 2889 376 2951 neque
392 2879 427 2935 ut
439 2871 577 2935 Boeotus
599 2871 688 2953 sequi
711 2871 857 2936 maluisse
875 2870 1034 2951 putandus
1057 2876 1107 2932 est
1122 2887 1223 2949 neque
1240 2869 1438 2944 commisisse,

276 2971 307 3032 id
336 2970 417 3051 quod
447 2987 576 3050 prorsus
606 2969 846 3049 reprehensione
876 2972 1002 3050 dignum
1027 2977 1126 3046 esset,
1157 2974 1192 3032 ut
1215 2967 1303 3031 deam
1325 2969 1439 3048 prioris

277 3069 399 3151 repudii
425 3070 633 3132 immemorem
658 3071 767 3133 iterum
790 3069 948 3135 tibicinem
971 3069 1143 3133 induceret.
1188 3066 1240 3149 (de
1261 3066 1440 3129 inventione

278 3169 371 3232 tibiae
405 3173 529 3230 veteres
565 3184 690 3248 quoque
720 3167 845 3232 Pindari
874 3170 969 3232 verba
1003 3167 1242 3244 intellexerunt,
1277 3165 1313 3230 cf.
1345 3166 1439 3230 schol.

279 3289 306 3332 v.
330 3269 378 3332 ta.
404 3268 441 3330 15
462 3274 494 3330 et
516 3265 612 3330 schol.
636 3267 729 3329 Anth.
752 3266 819 3331 Pal.
842 3272 870 3348 9,
888 3269 970 3344 666).
1020 3268 1139 3346 primus
1168 3267 1264 3344 igitur
1292 3267 1438 3330 tibiarum

278 3376 392 3432 cantus
429 3372 478 3429 est
517 3384 624 3429 nomus
659 3365 881 3448 polycephalos
921 3384 1019 3447 neque
1059 3383 1134 3429 casu
1172 3365 1326 3431 adductus
1360 3368 1442 3432 hunc

278 3468 473 3549 potissimum
504 3465 661 3529 Pindarus
692 3466 722 3528 in
752 3467 849 3529 totius
878 3466 956 3530 artis
983 3466 1133 3546 principio
1161 3483 1279 3545 ponere
1306 3466 1440 3549 videtur,

279 3566 333 3630 sed
358 3567 426 3646 ipso
449 3567 571 3628 nomine
594 3572 773 3629 commotus

361 3681 593 3765 Πολυκέφαλος
620 3682 696 3764 quid
727 3681 896 3760 significet,
928 3686 1088 3760 nugantur
1119 3680 1316 3744 scholiastae.
1352 3700 1441 3764 ¹nam

279 3782 327 3846 vel
355 3782 395 3845 de
418 3781 511 3846 choro
533 3784 759 3865 quinquaginta
787 3781 942 3845 hominum
964 3782 1118 3861 cogitant,
1148 3797 1216 3842 cum
1238 3779 1338 3843 hicio
1361 3781 1444 3866 ψιλῇ

279 3880 416 3961 αὐλήσει
437 3899 603 3957 versemur,
627 3882 674 3945 vel
699 3882 736 3945 de
759 3881 966 3961 compluribus
989 3880 1166 3960 prooemiis,
1190 3896 1270 3958 quae
1293 3877 1441 3960 Olympus

173 4011 176 4018 ·
279 3983 349 4046 hnic
385 3999 476 4043 nomo
510 3981 718 4059 praemiserit.
771 3981 821 4045 cui
853 3980 1053 4060 explicationi
1086 3997 1148 4040 non
1184 3977 1293 4041 debuit
1324 3997 1353 4043 v.
1381 3979 1442 4044 Jan

280 4080 404 4162 [Jahrb.
429 4079 517 4158 tata,
540 4079 618 4162 585)
649 4082 825 4162 astipulari.
877 4081 990 4143 etenim
1022 4096 1126 4142 vocem
1156 4081 1328 4159 προοίμιον
1364 4078 1442 4143 adeo
