3244 4976
849 360 890 422 80

282 545 303 610 l.
325 544 360 627 1.)
380 543 483 609 verbis
504 546 654 626 apparet:
681 542 757 622 tdyst
776 539 836 622 τήν
864 536 968 623 αὐτήν
996 536 1137 618 δύναμιν
1162 537 1183 625 ἡ
1206 544 1363 622 Φρυγιστὶ
1383 551 1449 614 τῶν

281 643 456 725 apportato,
476 641 581 728 ἥνπερ
602 640 701 713 αὐλὸς
723 641 758 703 ἐν
780 642 847 712 τοῖς
862 635 1017 718 ὀργάνοις.
1060 631 1162 720 ἄμφω
1179 641 1239 722 γαρ
1260 641 1448 725 ὁργιαστικοὲ

281 744 336 807 καὶ
358 740 553 825 παθητικοὶ
595 739 666 804 hino
693 757 756 802 non
778 737 961 802 mirabimur
993 735 1088 802 tibiae
1115 741 1280 823 praecipue
1299 745 1446 830 Phrygia,

282 843 368 924 lyrae
390 842 486 906 Dorio
508 839 615 904 tribui.
659 840 766 919 itaque
784 837 946 918 Horatius,
978 855 1048 902 cum
1071 834 1203 902 Dorium
1222 846 1255 905 et
1276 843 1445 912 barbarum

281 944 489 1007 instrumenta
517 957 629 1003 sonare
662 938 754 1014 dicit,
790 937 865 1000 nihil
895 937 954 1000 nisi
979 936 1120 1017 epitheta
1151 942 1296 1006 ornantia
1328 945 1445 1011 instru-

280 1043 393 1106 mentis
416 1042 491 1122 ipsis
513 1038 609 1114 addit,
629 1038 718 1119 quasi
736 1037 836 1101 dieat:
859 1036 947 1118 lyra,
972 1054 1064 1117 quam
1077 1037 1187 1103 Graeci
1201 1039 1355 1123 colebant,
1377 1065 1446 1113 cum

283 1142 378 1219 tibiis,
401 1159 478 1221 quas
500 1159 536 1206 ex
561 1139 633 1203 Asia
657 1137 849 1218 accepimus,
882 1135 1080 1200 consonabit'.
1122 1139 1207 1219 ipsos
1229 1143 1373 1208 carminis
1395 1150 1443 1212 sui

281 1240 390 1305 modos
416 1260 476 1304 non
499 1241 632 1317 indicat,
665 1237 718 1301 sed
749 1238 794 1301 ita
825 1236 982 1319 loquitor,
1020 1243 1180 1320 tamquam
1207 1240 1308 1306 audiri
1334 1247 1446 1328 possit,

279 1341 394 1405 cuiatis
432 1340 643 1404 instrumenta
681 1336 754 1400 sint.
811 1336 919 1400 eodem
955 1353 992 1398 ex
1028 1353 1086 1400 usu
1126 1338 1219 1402 Anth.
1252 1340 1318 1406 Pal.
1353 1348 1381 1424 6,
1403 1351 1442 1410 46

279 1438 422 1520 σάλπιγξ
443 1439 555 1503 dieitur
574 1437 712 1521 μέλπειν
734 1435 874 1516 κλαγγάν
887 1433 1057 1519 βάρβαρον
1080 1435 1162 1516 quod
1179 1438 1339 1518 epitheton
1358 1451 1443 1511 reete

278 1538 424 1603 Duebner
459 1538 595 1621 explieat
630 1535 713 1617 tquia
749 1534 981 1615 Tyrrhenorum
1020 1535 1198 1601 iuventum'.
1254 1557 1273 1602 a
1307 1542 1443 1624 Sopatro

278 1636 404 1722 (Athen.
425 1638 466 1702 IV
484 1655 509 1702 ο.
531 1636 584 1716 87)
614 1639 731 1718 naxon
760 1635 937 1715 appellatur
964 1633 1073 1717 μούσῃ
1102 1639 1266 1720 γαυριῶσα
1287 1641 1445 1726 βαρβάρῳ

277 1738 296 1802 i.
314 1756 342 1802 a.
365 1737 462 1818 pectis
491 1737 647 1818 Lydorum
676 1735 847 1798 inventum.
895 1734 1051 1798 simillimo
1082 1735 1227 1820 loquendi
1260 1757 1374 1819 genere
1401 1743 1442 1808 ah

277 1836 417 1900 Himerio
443 1839 503 1918 (or.
526 1837 555 1914 5,
575 1833 606 1916 3)
630 1835 759 1898 Alcman
779 1839 908 1897 vocatur
930 1833 948 1896 o‘
967 1834 1029 1917 τήν
1049 1833 1175 1919 Δώριον
1192 1835 1295 1918 λύραι·
1308 1841 1444 1917 Λινδίοις

280 1935 423 2016 κεράσας
436 1932 584 2017 ᾄσμασιν
593 1932 711 2016 (Bergk
721 1933 756 1997 P.
766 1931 864 1997 LGr.
874 1932 914 1996 Ill
925 1933 988 2013 14),
1000 1934 1082 2018 quod
1092 1932 1447 2026 nonssreeteBernhardy

276 2034 362 2118 (hist.
384 2036 446 2100 litt.
470 2053 515 2116 gr.
548 2035 587 2115 ΙΙ,
619 2035 648 2113 1,
670 2031 743 2114 579)
772 2033 813 2096 ad
846 2032 953 2096 modos
983 2033 1097 2115 Lydios
1128 2035 1242 2117 reiert3
1284 2038 1442 2106 Himerius

275 2135 349 2199 nihil
380 2135 457 2199 dicit
486 2135 546 2200 nisi
568 2134 746 2199 Alcmanem
777 2151 815 2196 ox
839 2131 940 2212 Lydia
971 2132 1137 2197 oriundum
1159 2134 1275 2200 Dorica
1302 2141 1440 2204 carmina

277 2235 501 2315 composuisse.
548 2235 589 2299 ad
620 2233 728 2298 modos
755 2237 861 2296 autern
893 2231 970 2296 duos
999 2232 1141 2298 diversos
1171 2237 1285 2301 mixtos
1314 2237 1441 2305 Horatii

274 2334 360 2401 loeus
383 2352 447 2397 non
471 2334 568 2415 magis
589 2331 771 2397 referendus
791 2349 884 2412 quam
906 2331 985 2396 tales
1007 2331 1147 2413 phrases

359 2438 400 2497 ht
417 2452 491 2497 voro
502 2431 632 2498 Pindari
646 2435 777 2513 Δωρίαν
794 2429 956 2513 φόρμιγγα
973 2438 1100 2512 propter
1114 2439 1287 2498 ceterorum
1304 2435 1441 2502 locorum

273 2533 524 2610 similitudinem,
553 2532 603 2595 uhi
633 2529 781 2603 Αἰολίδες
812 2529 943 2611 χορδαί,
974 2530 1093 2596 Λύδια
1125 2532 1224 2598 αὐλοί
1250 2541 1308 2600 eto.
1359 2555 1441 2601 conr·

273 2638 496 2710 memorantur,
516 2630 583 2696 fieri
606 2649 665 2694 non
682 2636 798 2710 potest,
821 2629 895 2709 quin
914 2630 953 2694 ad
973 2631 1097 2696 modurn
1112 2633 1241 2697 Dorium
1258 2635 1440 2700 referamus.

274 2733 356 2813 quod
383 2750 450 2796 cum
473 2731 554 2795 idem
576 2748 700 2795 carmen
723 2748 751 2792 v.
778 2733 835 2792 105
858 2727 998 2792 Aeolium
1022 2731 1146 2796 modom
1170 2732 1286 2797 hahere
1303 2735 1436 2814 dicatur,

272 2831 447 2896 necessario
469 2831 627 2911 sequitur,
660 2835 696 2892 ut
717 2827 856 2891 Platonis
885 2845 975 2892 usum
1004 2831 1114 2913 (quern
1144 2831 1321 2896 sollemnem
1342 2833 1438 2898 fuisse

272 2929 459 2994 Aristoteles
482 2933 618 2993 testatur
640 2925 787 3010 usupra)
808 2926 897 2990 Dorii
919 2929 1042 2992 nomine
1057 2936 1089 2994 et
1104 2930 1233 2995 Dorium
1257 2938 1289 2996 et
1299 2933 1437 2997 Aeolium

270 3029 396 3093 modum
417 3027 704 3108 comprehendentis
720 3029 813 3092 etiam
823 3026 961 3091 Pindaro
974 3028 1158 3094 tribuamus
1201 3031 1356 3096 Pindarus
1373 3051 1437 3095 ruo·

270 3130 379 3193 dorum
412 3127 544 3207 primum
579 3145 692 3207 genua,
732 3125 845 3191 deinde
884 3127 1017 3209 speciem
1059 3129 1219 3209 nominat;
1258 3131 1338 3212 quod
1376 3150 1436 3195 nou

268 3228 412 3305 lecisset,
442 3225 500 3290 nisi
532 3226 647 3290 Dorias
675 3233 707 3290 et
740 3224 866 3289 Aeolius
903 3226 1030 3307 modus,
1063 3229 1205 3309 quamvis
1239 3229 1353 3294 diversi
1387 3230 1438 3306 (oi.

269 3325 396 3390 Heraol.
416 3325 508 3389 Pont.
531 3342 580 3405 ap.
599 3324 710 3390 Athen.
733 3324 806 3388 XIV
828 3344 856 3406 p.
871 3329 932 3390 624
948 3324 1071 3407 thal.
1094 3328 1145 3391 11³
1170 3325 1254 3410 184),
1280 3348 1316 3393 eo
1339 3346 1439 3408 usque

268 3431 375 3490 tamen
398 3424 513 3489 similes
537 3424 684 3503 fuissent,
713 3429 748 3487 ut
770 3429 869 3488 totum
896 3443 995 3504 genus
1015 3425 1144 3490 Dorium
1174 3427 1323 3507 peculiari
1345 3427 1436 3508 quasi

270 3525 383 3588 morali
412 3522 515 3587 indole
543 3523 681 3604 aLydio
712 3523 888 3606 ceterisque
918 3523 1017 3588 modis
1046 3523 1194 3588 differret.
1236 3527 1325 3590 'Horii
1355 3525 1437 3590 modi

267 3623 305 3688 Ο.
329 3625 358 3702 3,
379 3625 399 3686 5
422 3627 724 3704 commemorantur;
761 3628 866 3686 utrum
888 3621 978 3687 modo
1001 3624 1126 3705 proprie
1149 3625 1244 3690 Dorio
1267 3642 1306 3688 an
1329 3624 1437 3690 Aeolio

267 3727 429 3788 cantatum
452 3723 495 3787 sit
516 3722 573 3786 hoc
593 3739 728 3802 carmen,
752 3719 914 3785 diiudicari
934 3723 1054 3803 nequit.

349 3821 430 3886 lllud
455 3830 560 3886 autern
584 3839 621 3886 eo
645 3822 745 3901 magis
769 3818 840 3886 hino
861 3823 1055 3903 perspicuum
1077 3821 1128 3902 fit,
1149 3842 1242 3904 quam
1265 3842 1325 3887 non
1349 3827 1435 3888 recte

264 3921 335 3985 olim
356 3921 391 3985 G.
412 3921 576 3985 Hermann
604 3926 638 3985 et
654 3918 784 3985 Boeckh
804 3920 857 4000 (de
880 3940 919 3986 m.
943 3921 1035 3986 Pind.
1058 3926 1118 3986 278
1135 3922 1199 4002 sq.)
1223 3923 1436 3987 diversissima

267 4020 329 4083 duo
352 4019 435 4100 apud
458 4020 628 4084 Pindarum
651 4017 848 4100 rythmorum
880 4038 998 4100 genera
1031 4021 1073 4085 ad
1096 4019 1224 4085 Doriam
1246 4029 1278 4085 et
1298 4021 1434 4084 Aeoliam

266 4119 449 4183 harmonias
479 4119 666 4197 retulerint,
695 4136 763 4182 curn
793 4118 908 4199 Lydiae
936 4119 1067 4184 medium
1091 4121 1245 4200 quondam
1275 4122 1358 4184 inter
1379 4120 1437 4184 hos
