3244 4976
747 351 787 416 29

392 533 538 624 ψαλμοῖς
557 531 718 616 τριγώνων
739 532 906 616 πηκτίδων
925 528 1100 613 ἀντιζύγοις

392 635 496 709 ὁλκοῖς
517 633 694 717 κρεκούσας
717 631 859 714 μάγαδιν
882 638 940 698 eto.

185 737 225 801 ad
241 735 413 816 exemplum
428 735 588 817 Sophoclis
604 735 764 815 Mysorum
781 733 837 798 loci
857 733 1021 815 (usupra)
1040 736 1173 800 restituo
1188 737 1356 820 πηκτίδων

184 837 212 898 τ’
228 833 411 917 άνιιζδγοις,
455 835 559 908 ὁλκοῖς
580 853 643 898 non
666 834 800 915 explico,
828 833 938 909 δλκαϊς
958 836 1125 915 suspiceris
1148 837 1355 918 scribendum,

186 937 277 1002 modo
306 937 408 1000 ἕλκειν
438 935 487 1016 (ut
517 937 610 999 σπάν
640 954 668 999 v.
691 934 785 1012 inira)
817 936 916 1015 possit
947 934 986 998 ad
1019 933 1151 1000 chordas
1183 936 1355 1002 trahendas

189 1035 341 1110 adhiberh
365 1035 510 1126 ψαλμῶν
521 1039 606 1099 certe
621 1052 822 1115 synonymum
834 1040 1059 1114 exspectamus
1101 1034 1242 1118 μάγαδις
1253 1043 1355 1101 autem

188 1135 237 1200 hie
267 1135 299 1199 id
327 1136 455 1214 dicitur,
485 1134 568 1218 quod
596 1133 758 1215 psallendo
782 1134 937 1214 gignitum
966 1135 1073 1215 itaque
1097 1154 1157 1199 non
1180 1143 1229 1200 est
1251 1155 1305 1203 cur
1326 1137 1357 1201 in

190 1235 431 1299 hrraxaodridae
458 1253 550 1298 versu
580 1233 705 1316 μαγάδι
729 1251 798 1298 cum
829 1233 982 1298 Meinekio
1013 1241 1070 1298 aut
1098 1234 1238 1316 μάγαδις
1274 1238 1307 1316 (i.
1331 1257 1358 1302 e.

189 1333 303 1415 ὥσπερ
331 1332 482 1416 μάγαδις)
513 1353 582 1398 curn
616 1333 802 1398 Gasauhono
832 1332 1013 1398 scribamus.
1063 1335 1177 1416 μικρὸν
1206 1333 1278 1418 άμα
1305 1337 1359 1399 καὶ

144 1510 147 1517 .
188 1443 270 1516 μέγα
299 1441 381 1500 recte
411 1434 595 1499 Athenaeus
624 1433 684 1510 δξδ
711 1433 765 1496 καὶ
791 1430 877 1515 βαρύ
907 1435 1152 1514 interpretatum
1183 1454 1285 1519 neque
1311 1436 1360 1501 hic

189 1536 328 1616 vulgaris
349 1534 496 1616 loquendi
518 1552 594 1598 usus
614 1533 738 1598 aliunde
762 1533 888 1612 ignotus
912 1539 972 1613 est,
994 1539 1030 1597 ut
1052 1533 1210 1598 Boechhio
1233 1536 1359 1620 (pihd)

189 1635 330 1712 videtur,
362 1634 416 1698 sed
446 1639 586 1715 μέγεθος
615 1652 671 1714 pro
701 1635 761 1698 tasi
786 1632 958 1697 identidem
983 1640 1117 1714 usurpat
1135 1633 1359 1714 Nicomachum

191 1736 273 1799 idom
303 1738 435 1816 μείζονα
464 1738 554 1796 vocat
577 1732 750 1796 acutiorem
775 1749 884 1796 sonum
910 1732 959 1813 (ci.
983 1733 1094 1797 Vetter
1116 1751 1198 1814 spec.
1221 1733 1308 1800 lexici
1329 1737 1360 1800 in

191 1855 271 1899 mue.
295 1854 341 1917 gr.
374 1833 482 1913 Progr.
506 1831 641 1898 Meisseu
666 1833 742 1898 1861
768 1849 793 1896 s.
814 1852 842 1896 v.
872 1839 970 1913 μέγας
996 1839 1027 1896 et
1054 1834 1220 1915 μέγεθος),
1251 1841 1361 1901 contra

192 1931 466 2018 percompleat
489 1933 604 1998 dicitur
626 1933 657 1996 in
680 1931 780 2014 prohl.
805 1931 934 1996 Aristot.
959 1932 1007 2011 19,
1018 1937 1047 1998 8.

275 2035 440 2099 Artissime
471 2051 539 2097 cum
569 2051 646 2098 voce
675 2030 815 2115 μάγαδις
846 2033 1042 2096 coniunctam
1072 2031 1167 2097 fuisse
1197 2038 1362 2098 concentus

194 2137 328 2200 duorum
361 2152 509 2199 sonorum
538 2134 693 2197 notionem
724 2132 774 2196 vel
803 2133 871 2212 ipse
895 2131 1070 2215 Tryphonis
1101 2151 1189 2196 error
1217 2133 1362 2198 ostendit.

194 2235 274 2299 idem
298 2235 385 2300 verbi
405 2235 594 2316 μαγαδίζειν
616 2235 682 2313 (Ar.
693 2232 792 2315 probl.
808 2237 855 2314 19,
869 2231 919 2315 18)
942 2251 1016 2297 usus
1040 2233 1146 2314 docet3
1168 2233 1249 2314 quod
1266 2234 1362 2314 signi-

194 2333 269 2400 ficet
289 2335 400 2399 seriem
422 2334 566 2398 hinorum
589 2351 736 2397 sonorum
760 2333 871 2399 eodem
892 2333 1057 2396 intervallo
1074 2332 1255 2397 distantium
1271 2334 1365 2399 edere

195 2433 247 2518 (cl.
275 2433 545 2498 Geuaert1368.
574 2433 614 2497 Il.
638 2432 722 2516 adu).
776 2433 882 2498 eodem
915 2431 1094 2498 referendus
1125 2434 1247 2499 iocosus
1278 2435 1366 2498 verbi

195 2553 268 2598 usus
298 2533 381 2614 apud
411 2531 615 2612 Theophilum
645 2535 792 2597 comicum
815 2533 942 2615 (Athen.
965 2533 1039 2598 XIV
1056 2535 1112 2615 36,
1143 2533 1267 2598 Boeckh
1290 2533 1363 2617 262)

196 2633 234 2697 de
262 2634 428 2698 tormentis
460 2632 669 2714 compluribus
698 2633 838 2714 personis
860 2632 949 2698 simul
973 2633 1119 2698 admotis.
1161 2634 1362 2714 quamobrem

196 2733 278 2796 lonis
312 2733 459 2813 magadiu
492 2731 633 2812 equidem
664 2733 802 2813 suspicor
825 2733 985 2814 epitheton
1006 2751 1122 2797 ornans
1144 2735 1245 2798 omnis
1268 2735 1364 2798 tibiae

196 2850 264 2896 esse
307 2833 345 2912 (a
386 2831 499 2896 fidibus
540 2831 728 2895 translatum
770 2833 852 2897 sicut
894 2832 1091 2916 πολύχορδος
1135 2832 1235 2907 αι’λός
1277 2833 1365 2915 apud

197 2929 400 3011 Simonidem)
425 2949 482 2996 nec
504 2932 615 2996 mirum
637 2937 714 3012 puto
738 2932 769 2995 in
796 2936 886 2996 tanta
908 2934 1066 2997 nominum
1089 2934 1189 3014 turha,
1211 2952 1304 3015 quam
1325 2952 1364 2998 ne

196 3031 368 3095 doctissimi
398 3029 522 3110 quidem
552 3030 700 3110 expedire
732 3036 881 3110 poterant
917 3033 987 3113 (hoc
1018 3039 1152 3097 veterem
1183 3033 1364 3112 scriptorem

197 3131 298 3196 dicere
321 3131 475 3210 memini),
501 3130 596 3194 etiam
616 3129 810 3195 Aristarchis
834 3137 866 3196 et
889 3133 1030 3212 Didymis
1054 3133 1194 3197 accidere
1215 3132 1366 3212 potuisse,

196 3239 234 3296 ut
263 3232 396 3312 speciem
426 3231 593 3309 ducerent,
623 3230 704 3311 quod
733 3232 856 3310 generis
882 3233 1039 3314 epitheton
1063 3241 1155 3296 esset.
1198 3233 1251 3296 sed
1274 3237 1310 3296 ut
1331 3250 1366 3296 re

197 3350 273 3396 vera
301 3330 395 3395 fuerit
424 3329 520 3394 tibiae
549 3331 683 3410 species,
716 3347 795 3410 quae
819 3332 967 3414 Tryphon
997 3333 1034 3397 de
1061 3351 1097 3397 ea
1121 3332 1236 3396 dixisse
1256 3331 1366 3407 fertur,

199 3451 293 3496 sensu
306 3436 431 3512 carent;
455 3429 595 3509 suspicor
615 3427 712 3510 ipsius
726 3430 881 3496 Athenaei
892 3433 1081 3513 negligentia
1096 3433 1135 3496 ad
1150 3433 1367 3496 certamistam

201 3533 309 3596 tibiam
337 3530 465 3607 referri,
500 3546 582 3613 quae
613 3527 763 3610 Tryphon
797 3531 834 3596 de
865 3534 1011 3598 universa
1039 3533 1211 3614 magadidis
1240 3531 1368 3594 notione

201 3633 332 3695 dixerat.

282 3729 329 3793 Ad
342 3725 518 3793 Philochuri
541 3725 641 3789 locum
660 3727 764 3808 redeo,
787 3731 838 3795 uhi
858 3730 999 3813 μάγαδις
1020 3732 1050 3795 in
1068 3728 1372 3816 ψιλοκιθαριστικῆς

125 3903 126 3906 ¹
201 3831 342 3896 artificiis
372 3830 581 3892 enumeratur.
634 3825 694 3890 iam
727 3836 860 3909 apparet
891 3831 956 3917 hoc·
978 3830 1142 3894 artificium
1173 3829 1305 3892 maxime
1336 3827 1369 3890 in

200 3933 343 3997 hinorum
375 3943 523 3991 sonorum
552 3929 705 3989 concentu
736 3931 923 3994 constitisse.
978 3935 1082 4011 potest
1116 3930 1227 3993 mirum
1263 3926 1370 4006 videri,

202 4033 286 4115 quod
315 4031 397 4094 inter
424 4029 552 4091 inventa
572 4023 728 4102 Lysandri
761 4049 830 4093 eurn
859 4029 1013 4111 psallendi
1039 4029 1165 4092 modum
1191 4027 1371 4108 reperimus,

201 4137 255 4217 qui
276 4134 338 4197 iam
360 4140 434 4199 ante
455 4135 631 4216 Terpandri
655 4137 794 4198 aetatem
818 4136 912 4196 notus
934 4136 1019 4208 erat;
1042 4137 1077 4194 at
1096 4126 1370 4212 psilocitharistica
