3244 4976
721 376 761 440 75

160 555 267 635 latum,
290 554 341 618 ubi
362 553 430 618 δπδ
450 553 512 639 τήν
531 551 619 639 pholo
638 550 807 633 κρούοντες
829 552 1120 629 commemorantur,
1143 568 1203 614 non
1226 551 1327 615 miuus

162 656 233 719 huic
269 655 443 718 sententiae
482 654 575 718 lavat.
627 653 801 717 rectissima
836 652 933 731 igitur
968 649 1072 715 Procli·
1106 649 1327 730 interpretatio

161 755 341 838 (chrestum.
363 754 402 832 Il,
424 772 454 834 p.
467 755 527 818 hac
549 750 641 833 th.
663 758 751 816 metr.
770 752 852 833 Gr.):
873 749 1061 833 ςὑπόρχημα
1082 750 1120 813 νδ
1141 750 1212 830 μετ’
1234 749 1328 834 ὀρχή-

162 873 243 928 σεως
269 852 434 938 ᾀδόμενον
467 852 562 934 μέλος
589 853 732 932 ἐλέγεπο*
769 852 824 914 καὶ
853 852 914 932 γάρ
943 849 974 913 οἱ
1005 848 1140 913 παλαιοὶ
1169 847 1230 936 τήν
1259 847 1328 912 crat

161 953 235 1016 ἀντὶ
251 955 307 1039 τῆς
327 953 411 1034 μετά
434 951 589 1025 πολλάκις
609 950 816 1032 ἐλάμβανον.
854 953 927 1016 item
948 951 979 1014 in
998 948 1173 1015 Archilochi
1194 949 1252 1029 hg.
1270 950 1327 1014 123

161 1050 261 1138 ςᾅδων
288 1053 346 1115 ὑπ’
373 1051 560 1135 aa'tpcrpog’
587 1049 654 1114 ὑπό
684 1079 724 1106 --
747 1050 833 1131 pecti
861 1050 995 1131 explicat
1025 1048 1119 1113 schol.
1149 1049 1183 1112 ll.
1210 1055 1239 1114 Σ
1256 1053 1329 1115 492.

162 1153 233 1216 binc
255 1151 461 1216 Callimachus
483 1151 597 1233 (hymn.
620 1151 652 1214 in
676 1150 743 1214 Del.
768 1150 839 1226 aba)
868 1151 897 1213 in
926 1148 1127 1214 describendo
1158 1147 1349 1230 hyporcbar

161 1259 245 1316 mate
265 1253 367 1316 canit:
398 1250 440 1333 ‘oi
459 1255 521 1332 μὲν
543 1249 759 1313 δπαείδουσιν
775 1300 782 1315 .
801 1301 807 1313 .
827 1299 859 1314 ..
890 1247 921 1312 οἱ
948 1248 986 1311 δὲ
1013 1245 1220 1331 πλήσσονσιν
1238 1300 1244 1314 .
1263 1298 1271 1312 .
1291 1295 1326 1315 ..

163 1341 280 1429 οὖδαξ,
309 1351 383 1431 quia
411 1351 555 1414 nimirum
579 1347 722 1434 ὑπᾴδειν
749 1350 938 1415 saltantibus
967 1354 1000 1413 et
1026 1347 1250 1432 ὑπορχεῖσθαι
1275 1368 1328 1414 ca·

163 1453 309 1517 nantibus
331 1450 520 1516 adeundam
542 1451 696 1515 actionem
716 1452 884 1532 portinent.
928 1451 1036 1514 inultis
1065 1456 1230 1530 praeterea
1253 1449 1328 1515 locis

160 1551 302 1634 ὑπᾴδειν
323 1557 356 1615 et
376 1550 539 1614 δπαιιλεῖν
560 1551 616 1616 hoc
639 1568 732 1615 sensu
754 1551 964 1615 inveniuntur.

243 1651 292 1715 Ex
313 1651 372 1715 hoc
388 1651 472 1714 vocis
492 1649 579 1731 ‘out’
600 1667 659 1714 usu
681 1651 824 1733 sequitur
844 1651 922 1732 ,Aac
938 1649 999 1737 τήν
1012 1649 1099 1734 ᾠδὴν
1113 1648 1247 1732 κρούειν
1265 1668 1343 1728 non,

162 1753 302 1832 potuisse
332 1750 462 1830 intelligi
493 1751 552 1814 nisi
592 1750 631 1813 de
662 1751 864 1814 instrumenti
896 1752 980 1816 sonis
1013 1751 1103 1816 simul
1134 1768 1204 1814 cum
1235 1755 1328 1814 cantu

161 1850 304 1932 prolatis.
353 1849 509 1914 reicienda
542 1849 637 1913 etiam
668 1849 857 1913 Volkmanni
889 1851 1124 1931 interpretatio,
1157 1867 1249 1930 quam
1281 1868 1329 1913 se-

163 1951 269 2032 quitur
297 1949 403 2029 Bergk
435 1947 519 2027 (hist.
542 1949 604 2014 litt.
626 1967 673 2030 gr.
696 1949 743 2014 ΙΙΙ
767 1949 853 2029 160);
887 1949 927 2014 ad
956 1948 1145 2030 ,interludia'
1174 1950 1255 2014 enim
1293 1983 1324 1996 -

162 2052 302 2131 (neccsse
327 2055 376 2113 est
396 2048 526 2113 verbum
553 2048 684 2113 latinum
710 2047 841 2130 lingere)
864 2047 954 2111 -hi
983 2047 1036 2111 illa
1058 2049 1152 2113 verba
1179 2048 1329 2129 referunt,

163 2148 379 2214 Archilochum
410 2150 505 2229 igitur
536 2149 668 2213 credunt
697 2149 830 2229 primum
857 2148 942 2213 vocis
971 2147 1097 2212 silantia
1129 2149 1329 2212 instrumenti

163 2250 249 2313 sonis
271 2249 421 2328 explesse,
444 2267 513 2313 cum
534 2253 628 2312 antea
650 2266 711 2312 non
734 2249 792 2312 nisi
816 2267 880 2312 una
902 2266 971 2313 cum
994 2266 1070 2312 voce
1091 2247 1212 2311 cithara
1235 2265 1329 2311 sonu-

163 2348 255 2424 isset;
286 2349 368 2429 quod
393 2347 433 2412 ab
462 2348 544 2412 omni
571 2347 796 2428 probabilitate
829 2348 955 2414 nimium
985 2354 1135 2428 quantum
1168 2346 1328 2413 abhorret.

162 2447 256 2510 immo
285 2447 500 2512 vetustissimo
530 2455 670 2528 tempore
699 2449 730 2512 in
761 2447 837 2512 solis
870 2448 953 2511 vocis
983 2447 1114 2511 silentiis
1141 2447 1330 2527 psallebant,

162 2547 365 2613 Archilochus
388 2555 491 2612 autem
514 2547 563 2612 hic
587 2548 705 2629 primus
726 2548 840 2612 dicitur
862 2549 945 2613 vocis
965 2553 996 2612 ct
1017 2548 1213 2613 instrumenti
1236 2565 1330 2611 sonos

163 2648 331 2711 miscuisse.

244 2747 326 2812 Hinc
355 2747 463 2811 statim
494 2747 635 2826 sequitur
667 2745 751 2827 ιτοδς
781 2747 811 2809 δ’
828 2747 991 2828 α’ρχαίονς’
1020 2767 1039 2811 a
1069 2747 1235 2812 Plutarcho
1268 2765 1329 2812 hon

163 2849 276 2929 opponi
305 2844 505 2928 Archilocho,
545 2845 600 2909 sed
631 2845 742 2909 vocula
772 2846 831 2927 (δι”
862 2847 1038 2926 generalem
1070 2848 1255 2911 sententiam
1289 2845 1330 2908 ad

164 2947 354 3027 singularem
387 2945 467 3009 addi.
518 2944 595 3010 hacc
626 2946 722 3024 igitur
752 2945 828 3009 dicit
860 2946 1066 3011 Plutarchus:
1104 2945 1329 3027 ‘Archilochum

162 3046 269 3111 ierunt
298 3048 429 3126 primum
453 3051 593 3111 crumata
625 3063 691 3109 cnm
718 3064 792 3109 voce
815 3046 992 3127 miscuisse,
1023 3063 1104 3128 quae
1126 3047 1234 3110 mixtio
1257 3045 1329 3109 inda

162 3146 201 3209 ab
224 3145 409 3210 Archilocho
436 3145 520 3226 apud
542 3150 664 3210 veteres
686 3162 792 3210 omncs
815 3163 851 3209 ea
874 3151 959 3225 erat,
990 3149 1026 3209 ut
1048 3145 1147 3209 eidem
1174 3146 1330 3226 utrimque

163 3247 232 3309 soni
253 3245 476 3311 redderentur'.
515 3245 554 3308 ad
578 3244 708 3310 eandem
730 3245 1024 3326 interpretationem
1046 3245 1199 3309 adducere
1222 3244 1331 3308 debuit

162 3343 229 3424 ipsa
258 3365 318 3408 vox
338 3345 496 3426 ιδρχιιῑόδ.
538 3363 610 3408 narn
639 3345 729 3409 initio
749 3364 773 3410 c.
797 3345 838 3410 28
865 3345 903 3410 da
931 3347 1077 3427 ἀρχαίων
1105 3346 1238 3409 inventis
1260 3345 1331 3408 Plu·

163 3445 289 3508 tarchus
311 3462 345 3508 se
367 3445 519 3508 dicturum
538 3442 720 3525 profitetur3
753 3445 931 3525 disputatur
962 3465 986 3510 o.
1009 3445 1169 3524 uc—as,2
1197 3445 1234 3508 de
1255 3445 1330 3508 Ter·

162 3544 283 3626 pandro
316 3543 500 3608 Archilocho
526 3543 728 3624 Polymnasto
758 3544 906 3626 Olympo,
938 3545 1048 3609 deinde
1076 3543 1198 3610 verbis:
1228 3546 1335 3630 ίδηλοῖ

163 3645 301 3709 ἕκαστον
322 3646 387 3707 τῶν
414 3643 438 3706 α’
446 3667 464 3724 ρ
471 3647 542 3722 χαί
548 3665 599 3706 ων
624 3643 732 3726 μελῶν
756 3641 805 3708 ὅτι
831 3648 937 3708 ταῦτα
958 3643 1058 3721 οὕτως
1079 3648 1152 3728 ἔχει’
1174 3647 1223 3710 hic
1245 3645 1330 3709 locus

163 3743 360 3809 concluditur
388 3750 421 3806 et
450 3743 553 3806 verbis
581 3746 707 3823 tAciooc
728 3744 774 3806 δὲ’
798 3751 856 3808 etc.
887 3747 926 3809 acl
952 3749 1144 3811 recentiores
1176 3747 1332 3810 transitur

163 3846 204 3923 (v.
227 3845 346 3924 supra).
389 3844 495 3924 itaque
517 3842 719 3906 Archilochus
742 3861 767 3908 c.
790 3845 869 3925 28,5
900 3863 958 3909 non
990 3847 1094 3926 potuit
1122 3845 1162 3910 ab
1186 3846 1332 3928 ἄρχαίοις

169 3962 177 3980 *
221 3960 313 4006 arari.

164 3962 218 4024 hep
246 4042 306 4118 Qui
322 4042 398 4107 haec
413 4042 451 4106 de
461 4041 645 4106 Archilocho
664 4043 798 4123 scripsit,
817 4042 1073 4125 hetcrophonianr
1089 4044 1188 4108 multo
1206 4045 1330 4109 (lenium

162 4149 235 4224 post
255 4141 471 4207 Archilochum
496 4148 635 4224 tempore
659 4143 818 4206 exstitisse
839 4143 982 4224 putabat.
1026 4161 1105 4227 quac
1127 4145 1230 4225 opinio
1253 4162 1329 4209 sane
