3244 4976
721 419 760 482 Ei

156 599 223 663 sine
245 597 338 663 dubio
359 597 504 679 ‘quidam‘
525 595 569 660 illi
592 595 767 677 voluerunt,
790 614 921 681 quorum
944 595 1112 661 Diomedes
1133 596 1325 660 mentionem

157 696 253 760 inicit.
297 697 328 760 in
345 695 486 775 Dionysii
501 693 631 758 Thracis
653 695 839 759 scholiorum
862 693 985 758 duobus
1002 692 1086 772 locis,
1109 712 1188 777 quos
1206 699 1323 758 tracta-

157 794 277 873 vimuS,
315 794 526 858 iustrumenta
562 791 679 856 musica
717 810 779 856 non
813 795 1110 872 commemorantur,
1150 791 1203 855 sed
1234 793 1327 855 tertio

157 893 292 970 quodam
309 911 338 972 p.
355 898 414 956 754
427 908 473 971 sq.
517 889 560 954 ibi
576 888 764 971 ἐναρμόνιος
780 890 952 971 explicatur
964 891 1133 971 ἔναρθρος,
1155 888 1325 954 bestiarum

157 996 260 1053 autem
290 1009 349 1054 vox
378 995 511 1068 negatur·
545 986 735 1069 ἐναρμόνιος
764 1005 850 1068 esse,
887 989 963 1070 quia
992 1006 1053 1051 non
1080 986 1152 1050 αἰιο
1182 988 1327 1063 διανοίας

156 1086 362 1168 ἐκπέμπεται
368 1113 380 1165 ,·
402 1085 594 1168 ἐναρμόνιος
616 1086 710 1165 igitur
732 1115 772 1139 =
797 1087 956 1168 ἔναρθρος
976 1085 1048 1150 111.
1090 1102 1120 1165 p.
1138 1086 1199 1150 755
1221 1092 1327 1151 autem

156 1185 346 1266 Melampodi
376 1184 565 1267 ἐναρμόνιος
594 1184 705 1247 dicitur
735 1181 974 1266 ἠᾶνθρωπίνη
997 1184 1088 1270 φωνή
1111 1185 1164 1246 καὶ
1188 1185 1327 1270 πᾶσαὴ

156 1293 337 1368 μιμουμένη
364 1285 470 1370 αὐτήν
497 1276 567 1347 οἷον
595 1283 720 1366 κιθάρα
749 1277 885 1364 ὄργανον
906 1281 1032 1365 σύριγξ,
1060 1283 1113 1348 ubi
1133 1283 1326 1368 ἐναρμόνιον

156 1389 289 1464 apparet
310 1401 379 1447 esse
402 1385 565 1465 ἔναρθρον
587 1383 646 1460 11,
668 1384 948 1446 instrumentorum
969 1383 1064 1462 igitur
1085 1401 1178 1447 sonos
1201 1383 1283 1450 11b.

240 1516 304 1579 Iam
335 1533 409 1580 vero
438 1516 469 1578 in
498 1515 654 1579 bominum
684 1521 825 1578 sermone
855 1512 1021 1588 διάλεκτος
1048 1533 1117 1579 cum
1148 1516 1325 1579 universam

156 1613 306 1694 loquendi
334 1612 519 1677 facultatem
552 1619 617 1676 tum
648 1613 837 1694 singularem
861 1612 982 1676 dicendi
1004 1612 1128 1676 modum
1152 1614 1324 1692 signifieat:

155 1712 433 1775 instrumentorum
464 1709 634 1773 διάλεκτον
657 1730 725 1775 eam
748 1711 969 1793 adbucsolam
992 1713 1212 1793 tractavimus,
1245 1729 1324 1792 quae

155 1811 252 1891 priori
289 1811 356 1874 eius
392 1809 475 1873 vocis
512 1807 733 1887 significationi
762 1809 946 1891 respondem
988 1826 1087 1888 neque
1127 1827 1200 1874 vero
1236 1809 1324 1874 deest

155 1908 338 1989 exemplum,
361 1926 421 1989 quo
442 1913 560 1971 eertum
584 1905 721 1988 aliquem
744 1905 830 1972 tibiis
851 1906 900 1971 vel
921 1906 1034 1971 fidibus
1052 1907 1180 1971 canendi
1198 1907 1324 1971 modum

155 2007 213 2070 bac
238 2024 313 2069 voce
335 2004 479 2070 denotari
499 2021 592 2084 posse
618 2003 794 2071 doceamur.
839 2006 970 2072 Photius
992 2007 1051 2071 lex.
1074 2025 1103 2086 p.
1126 2007 1223 2086 300,1
1247 2006 1322 2070 baec

154 2104 293 2170 exhibet:
322 2099 517 2185 νιγλοιρεόων
537 2105 715 2182 τερετίζων,
736 2102 791 2166 καὶ
814 2103 832 2166 ὁ
855 2106 1001 2188 νόγλαρος
1021 2109 1233 2196 κρονματικῆς
1255 2105 1322 2168 δια·

152 2203 265 2266 λε’κτοο
285 2197 399 2285 ὄνομα.
438 2196 583 2272 Εὔπολις
603 2199 724 2284 Δήμοις
746 2201 816 2282 (frg.
833 2202 924 2268 11711.
944 2235 983 2258 =
1002 2205 1062 2269 110
1074 2203 1134 2284 Κλ·
1178 2207 1322 2286 (τοιαῦτα

150 2310 260 2382 μέντοι
282 2301 477 2384 νιγλαρεύοον
496 2298 684 2383 κροόμοιταῖ
703 2304 708 2378 Ι
728 2301 894 2384 νιγλάρους
912 2301 1131 2384 τερετισμοός.
1151 2303 1155 2384 Ι
1182 2305 1323 2386 νίγλαροι

152 2404 372 2481 τερετίσματα
407 2400 461 2462 καὶ
498 2404 652 2483 περίεργα
688 2398 866 2481 κρούματα.
920 2419 979 2481 quo
1009 2402 1074 2465 loce
1105 2403 1322 2488 κρονματικήν

152 2497 325 2562 διάλεκτον
353 2498 434 2562 idem
463 2517 531 2562 esse
560 2497 720 2562 contendit
747 2497 890 2562 Meineke
919 2506 1015 2581 atque
1042 2503 1126 2579 apud
1155 2501 1320 2584 Polybium

153 2602 232 2676 aad
255 2597 497 2682 κρονσματικήν
518 2595 619 2671 λέξας
652 2594 798 2677 Polybius
820 2602 925 2660 autem
949 2615 1011 2678 eos,
1037 2599 1089 2679 qui
1112 2599 1142 2661 iu
1165 2605 1320 2664 terrarum

156 2695 419 2776 descriptionibus
441 2695 566 2758 nourina
588 2713 624 2757 eo
647 2693 707 2757 fine
727 2701 919 2776 coacervent,
942 2696 1236 2776 utiuanibussonis,
1257 2717 1319 2762 uon

151 2812 257 2856 rerum
288 2793 489 2872 imaginibuS,
521 2793 643 2856 animos
673 2793 841 2872 legentium
871 2803 1100 2873 commoveant,
1133 2797 1319 2859 crusmatice

152 2891 237 2971 loqui
261 2891 346 2954 dicit.
390 2890 485 2956 verba
508 2893 605 2972 igitur
635 2891 709 2955 nibil
739 2890 944 2972 significantia
968 2893 1018 2957 bic
1042 2911 1110 2958 cum
1133 2893 1319 2957 instrumen-

153 2995 254 3052 torum
285 2990 369 3053 souis
398 2990 490 3073 (quae
513 2997 587 3054 suut
611 2991 736 3071 proprie
757 2989 936 3074 κρούματα)
964 2998 1206 3071 comparantur;
1236 2992 1318 3056 unde

151 3094 301 3168 apparet,
332 3106 425 3170 quam
456 3095 540 3151 recte
567 3088 623 3152 hos
648 3106 743 3169 supra
765 3106 832 3152 cum
855 3089 1039 3177 σκίνδαψος
1061 3097 1093 3153 et
1114 3094 1320 3171 βρεκκεκεκέξ

151 3205 176 3250 s.
199 3206 227 3250 n.
251 3187 321 3250 llb
345 3193 379 3251 ut
400 3187 577 3274 αόήμαντα
599 3186 811 3270 ἐγγροίμματα
841 3189 872 3270 (i.
895 3208 921 3254 e.
942 3188 1111 3253 articulata
1133 3195 1164 3253 et
1185 3190 1318 3254 dialecto

150 3285 309 3366 praedita)
336 3286 568 3350 contulerimus.
617 3286 763 3352 Meinekii
786 3288 973 3352 seutentiam
996 3287 1087 3354 Kock
1108 3288 1317 3370 amplectitur,

150 3385 205 3467 qui
227 3384 267 3448 ad
290 3384 640 3464 Pherecratisfrg.145
664 3385 718 3465 (=
729 3385 1051 3465 Plutdemuse30)
1074 3407 1102 3452 v.
1122 3390 1161 3452 El
1184 3389 1318 3452 adnotat

149 3481 326 3564 torytdpovg
348 3501 449 3546 meras
473 3501 540 3546 esse
562 3500 662 3563 voces
686 3483 797 3563 quibus
819 3491 905 3548 certa
928 3485 1032 3567 aliqua
1048 3487 1235 3566 significatio
1256 3505 1316 3550 uon

150 3582 293 3647 subiecta
320 3583 377 3661 sit,
406 3583 496 3664 quale
525 3581 753 3665 φλαττοθρατ,
785 3585 1001 3665 θρεττανελό,
1031 3593 1062 3650 et
1084 3590 1137 3651 Ar.
1159 3586 1231 3650 neh.
1254 3587 1318 3650 554

149 3685 246 3763 atque
268 3680 430 3761 Eupolidis
451 3679 552 3742 locum
578 3678 695 3744 laudat.

230 3814 274 3877 At
293 3830 366 3876 vero
387 3811 413 3875 si
432 3811 512 3875 hanc
525 3809 612 3874 verbi
628 3811 774 3893 νίγλαρος
788 3813 849 3876 vim
860 3813 990 3878 Photius
1002 3814 1140 3880 indicare
1156 3813 1315 3894 voluisset,

149 3909 345 3991 ineptissime
370 3910 410 3973 ad
440 3909 522 3975 hunc
550 3909 745 3990 potissimum
768 3910 930 3990 Eupolidis
958 3911 1060 3976 locum
1081 3912 1120 3975 de
1141 3930 1178 3976 ea
1202 3913 1313 3977 disser-

149 4007 257 4071 uisset.
301 4007 487 4088 Eupolidem
509 4008 609 4089 ipsum
632 4026 694 4072 non
722 4008 761 4072 de
783 4008 886 4074 verbis
908 4009 1052 4074 inanibus
1075 4010 1231 4090 cogitare,
1261 4010 1314 4074 sed

149 4105 190 4168 de
222 4105 304 4168 veris
334 4106 616 4170 instrumentorum
645 4106 729 4170 sonis
759 4105 958 4170 manifestum
989 4112 1052 4183 est;
1087 4108 1198 4172 etenim
1220 4108 1315 4173 verba

147 4219 338 4284 quamquam
368 4219 439 4268 eum
463 4203 617 4269 crumasin
639 4205 830 4287 comparari,
861 4222 1021 4288 nunquam
1040 4210 1145 4270 tamen
1166 4210 1314 4286 poterant
