3244 4976
866 345 904 411 16

298 529 415 602 teneor.
459 531 553 606 atque
584 522 676 613 φωνή
704 527 749 590 eis
782 525 926 589 omnibus
956 525 1105 589 tribuitur
1139 524 1343 603 animalibus,
1381 539 1460 604 quae

294 633 405 708 guttur·
433 631 465 692 et
491 627 666 708 pulmonem
689 625 844 706 habeant,
874 624 1041 698 διάλεκτος
1068 625 1129 703 eis,
1160 641 1243 705 quae
1272 623 1458 706 praeterhac

295 727 400 808 lingua
428 726 532 791 mobili
561 725 705 808 praedita
734 727 806 790 sint.
850 723 911 789 illis
938 726 1019 789 enim
1039 724 1199 806 procreari
1221 723 1364 806 vocales,
1400 723 1457 788 bac

293 833 518 906 consonantes;
540 827 649 906 quibus
673 832 815 890 constare
835 824 1015 905 ludiones,
1039 826 1186 905 quaesit
1208 825 1265 910 τῆς
1288 826 1396 911 φωνῆς
1418 827 1458 907 τῇ

292 927 415 1010 γλώττῃ
437 925 648 1008 tropaeam.
690 944 727 990 oa
755 932 859 991 autem
889 944 950 990 non
976 926 1116 989 homines
1139 925 1198 989 soli
1218 930 1371 1005 utuntur,
1402 924 1456 990 sed

294 1028 388 1091 etiam
418 1029 577 1108 complura
607 1027 709 1091 avium
737 1044 869 1106 genera,
899 1025 1013 1108 quibus
1036 1032 1146 1090 tenues
1168 1025 1312 1106 lataeque
1333 1026 1458 1106 linguae

294 1134 370 1190 sunt
395 1126 426 1210 (ᾗ
444 1127 485 1208 6).
528 1146 606 1192 neve
627 1128 696 1207 quis
719 1127 860 1207 miretur,
884 1127 967 1207 quod
989 1126 1111 1190 vocales
1133 1131 1397 1206 consonantesque
1419 1125 1457 1188 ab

295 1227 405 1292 avibus
427 1246 550 1309 quoque
568 1227 755 1292 Aristoteles
778 1227 879 1290 emitti
898 1231 1029 1306 statuat,
1051 1224 1228 1309 γράμματα
1251 1229 1459 1308 φθέγγεσθαι

298 1345 353 1392 eae
382 1328 527 1392 dicuntur
556 1327 626 1390 bist.
654 1345 702 1390 an.
725 1326 754 1390 II
778 1331 875 1404 rat:
903 1324 1049 1407 μάλιστα
1076 1327 1142 1387 τῶν
1170 1323 1258 1403 ζώων
1286 1326 1372 1406 μενά
1400 1324 1457 1387 τὸν·

292 1425 477 1511 ἄνθρωπον
502 1425 679 1509 γράμματα
701 1431 879 1509 φθέγγεται
901 1428 971 1488 ἔνια
993 1429 1058 1489 τῶν
1082 1426 1226 1508 ὀρνίθων
1247 1432 1319 1508 γένη
1350 1425 1399 1504 (ci.
1420 1424 1456 1486 lle

291 1533 373 1608 part.
396 1546 445 1590 an.
468 1546 493 1591 c.
516 1533 551 1590 17
571 1528 635 1607 in).
688 1530 789 1607 ipsum
823 1525 950 1590 verbum
983 1525 1195 1606 διαλέγεσθαι
1223 1525 1330 1590 eodem
1362 1543 1456 1588 sensu

295 1626 446 1703 adhibuit,
469 1628 520 1707 qui
541 1627 666 1708 scripsit
681 1625 841 1707 problema
858 1625 1006 1690 ineditum
1026 1626 1054 1689 ll
1069 1630 1107 1690 86
1131 1624 1454 1702 (Aristotedllidot.

292 1725 353 1790 vol.
370 1726 445 1807 lvi:
470 1725 502 1809 (ἦ
523 1729 588 1788 τῶν
610 1725 800 1808 ἀνθρώπων
823 1724 927 1809 φωνή)
951 1725 1109 1798 πλείστας
1131 1726 1196 1805 ἔχει
1218 1725 1379 1808 διαφοράς
1402 1724 1455 1786 καὶ

292 1824 374 1909 εἴδη,
396 1825 438 1888 τά
458 1825 487 1888 δ’
504 1824 589 1890 ἄλλα
610 1830 674 1907 ζῷα
695 1821 717 1912 ἤ
737 1825 835 1890 οὐδὲν
856 1824 990 1909 γράμμα
1011 1820 1033 1913 ἢ
1054 1825 1143 1906 ὀλίγα
1166 1825 1355 1905 διαλέγεται.
1401 1845 1454 1889 ncc

293 1923 417 1989 diversa
450 1925 527 1990 baec
566 1927 742 1990 animalium
772 1924 950 2010 γράμματα
979 1945 1048 1990 esse
1082 1944 1100 1989 a
1130 1925 1262 1988 ‹lialecto
1293 1926 1387 1989 etiam
1418 1945 1455 1988 ex

293 2023 366 2088 bist.
385 2043 434 2088 an.
453 2026 556 2104 11,13
575 2031 716 2106 apparet,
737 2025 788 2090 ubi
809 2027 892 2091 inter
908 2027 1052 2090 animalia
1069 2023 1242 2108 φωνήεντα
1257 2033 1457 2105 opponuntur

292 2123 493 2206 α’γράμμανα
522 2127 583 2206 eiS,
615 2145 695 2207 quae
725 2125 895 2189 διάλεκτον
925 2126 1072 2190 habeant.
1117 2124 1198 2189 unrlc
1227 2126 1367 2205 sequitur
1394 2144 1454 2188 non

293 2241 346 2287 eas
374 2224 424 2288 hic
454 2243 528 2288 avos
551 2226 679 2306 respici,
708 2244 788 2307 quae
809 2227 932 2306 possint
953 2225 1110 2289 hominum
1133 2242 1305 2288 sermonem
1329 2225 1454 2304 imitari,

296 2323 349 2386 sed
380 2325 447 2405 ipso
476 2332 573 2389 cantu
601 2345 708 2390 earum
737 2326 812 2391 baec
842 2325 1020 2408 γράμματα
1048 2326 1218 2407 contineri;
1251 2327 1296 2389 ita
1324 2326 1454 2390 luscinia

295 2422 367 2488 bist.
389 2442 439 2488 an.
464 2426 505 2490 lV
521 2430 574 2501 9‚9
604 2426 719 2491 dicitur
747 2427 847 2507 pullos
876 2426 1046 2490 διάλεκτον
1073 2445 1158 2491 suam
1183 2428 1311 2505 dooere,
1340 2427 1454 2506 quippe

293 2542 375 2606 quae
404 2524 493 2604 fingit
526 2527 640 2607 possit,
671 2545 738 2591 cum
766 2545 827 2590 vox
855 2527 1055 2592 immutabilis
1085 2528 1129 2591 eis
1151 2535 1265 2591 natura
1288 2526 1380 2590 insita
1402 2528 1452 2589 sit.

292 2641 354 2686 non
382 2625 479 2704 igitur
508 2644 635 2690 necesse
665 2631 715 2690 est
744 2627 865 2690 ratione
893 2627 1038 2707 praedita
1065 2645 1150 2706 esse,
1182 2645 1262 2708 quae
1285 2624 1454 2689 διάλεκτον

291 2723 402 2807 edant,
433 2726 486 2788 seri
510 2725 549 2790 ab
571 2726 727 2790 hominurn
750 2745 893 2790 sermone
916 2733 948 2792 et
970 2726 1148 2808 γράμματα
1171 2733 1202 2790 et
1224 2725 1391 2798 διάλεκτος
1412 2725 1452 2788 ad

292 2842 397 2888 omnes
427 2843 516 2890 voces
547 2826 586 2889 ab
608 2825 780 2890 Aristotele
803 2827 959 2891 translata
982 2835 1070 2908 sunt,
1101 2845 1179 2908 quae
1200 2826 1397 2889 membratim
1421 2833 1453 2889 et

291 2923 439 2989 distincte
461 2925 670 3007 proferantur,
692 2928 758 2992 sive
779 2927 851 3009 quid
873 2927 1052 3007 significant
1074 2928 1139 2992 sive
1158 2927 1257 2990 inanis
1278 2925 1346 2989 soni
1368 2930 1451 2989 sunt.

373 3066 501 3130 Prorsus
530 3068 653 3133 diversa
685 3074 734 3133 est
756 3069 826 3133 Sex.
846 3068 993 3150 Empirici
1014 3070 1110 3148 ratio,
1140 3067 1192 3149 qui
1214 3067 1323 3147 Pyrrh.
1346 3066 1452 3148 hypot.

291 3164 305 3227 Ι
327 3170 421 3244 14,74
443 3167 592 3231 animalia
611 3186 732 3250 quoque
752 3169 982 3251 quodammodo
1005 3168 1322 3249 acarasseorum,
1344 3173 1452 3248 utpote

292 3284 373 3345 quae
397 3267 518 3330 sonitus
541 3287 623 3350 snae,
646 3270 727 3332 sicut
749 3268 898 3348 homines,
920 3288 939 3332 a
959 3269 1071 3332 ceteris
1088 3268 1223 3332 eiusdem
1247 3269 1370 3346 generis
1388 3267 1453 3331 ani-

291 3365 424 3430 malibus
453 3367 583 3447 intelligi
611 3368 720 3432 velint.
773 3369 854 3433 idem
885 3367 959 3431 dicit
986 3367 1185 3445 Aristoteles,
1216 3385 1285 3430 eum
1311 3368 1349 3430 (le
1370 3373 1452 3447 pari.

290 3483 340 3528 an.
365 3466 441 3546 1,17
464 3468 573 3531 avibus
597 3467 770 3550 ἑρμηνείαν
792 3467 918 3545 tribuit,
941 3467 1031 3547 quia,
1053 3485 1135 3547 quae
1157 3467 1303 3541 sentiant,
1327 3466 1452 3530 vocibus

289 3567 373 3630 inter
408 3585 441 3630 se
475 3568 701 3632 communicare
736 3567 866 3648 possint.
920 3567 951 3630 in
983 3567 1138 3630 hominum
1169 3585 1312 3630 sermone
1342 3567 1450 3630 eadem

291 3665 411 3729 ratione
443 3666 614 3730 διάλεκτον
644 3667 829 3732 Plutarchus
867 3667 1001 3745 (Platon.
1025 3673 1146 3746 quaest.
1170 3668 1217 3737 10.
1236 3670 1264 3746 2,
1280 3667 1312 3748 2)
1344 3667 1384 3730 ab
1413 3683 1450 3730 eo

289 3766 413 3845 singula
442 3767 536 3830 verba
565 3769 769 3850 componendi
799 3768 908 3845 modo,
941 3771 1141 3847 quo'sensus
1170 3767 1274 3830 nullus
1305 3767 1449 3845 exsistat,

291 3866 465 3946 distinguit.
520 3866 598 3933 banc
635 3884 757 3950 quoque
793 3865 963 3931 διάλεκτον
994 3865 1062 3930 fieri
1092 3884 1151 3929 non
1184 3885 1275 3947 posse
1307 3866 1367 3929 nisi
1400 3863 1451 3928 ubi
1575 3899 1576 3902 =

290 3967 427 4030 varietas
455 3984 601 4031 sonorum
631 3968 687 4047 sit,
718 3968 832 4031 Sextus
863 3968 928 4046 ipse
956 3967 1088 4043 indicat,
1119 3985 1186 4031 cum
1209 3967 1395 4030 contrariam
1423 3964 1451 4028 ei
1573 3975 1575 3996 ‘

290 4085 395 4131 vocem
420 4067 497 4130 nihil
521 4065 745 4147 significantem
769 4067 881 4154 φωνήν
900 4066 1053 4148 μονοειδῆ
1072 4065 1220 4146 appellat.
