3244 4976
743 346 781 410 41

173 542 274 606 neque
308 523 444 590 sortasse
474 543 547 590 casu
576 527 607 590 in
636 525 793 607 Euripidis
821 525 913 590 Herc.
939 524 999 589 sur.
1023 543 1051 590 v.
1074 525 1134 590 683
1166 525 1280 590 chorus
1309 543 1344 590 se

126 707 132 719 ·
177 625 308 704 epinicia
322 625 485 690 Herculem
506 625 665 690 celebrare
676 625 752 690 dicit
774 626 867 707 νιοιροέ
889 648 925 687 τε
946 624 1057 704 χέλυος
1078 623 1263 691 ἑπτατόνου
1273 625 1349 708 μολ-

180 725 251 788 πᾶν
272 725 326 788 καὶ
347 729 457 807 Λίβυν
477 724 590 790 αὐλόν.
1399 809 1402 813 ,

262 825 352 903 Quod
382 825 513 908 Didymo
542 832 622 890 teste
646 825 685 888 ad
707 831 794 889 certa
823 825 993 890 carminum
1015 843 1130 904 genera
1158 825 1346 890 alterutrum

179 925 419 990 instrumentum
441 925 661 1006 postulabatur
684 924 817 1007 (Christ.
840 924 931 988 Metr.
955 943 985 1004 p.
1002 924 1088 1006 673),
1104 925 1275 989 Pindarum
1295 943 1350 1004 ge·

182 1043 291 1089 nerum
314 1025 464 1090 terminos
486 1024 564 1089 adeo
588 1025 772 1105 neglexisse,
797 1030 833 1088 ut
856 1023 1051 1087 multiscius
1075 1025 1262 1088 carminibus
1285 1025 1348 1088 ista

182 1125 278 1188 εἰδῶν
300 1125 461 1190 distinctio
492 1126 530 1189 ad
560 1127 680 1189 irritum
708 1124 920 1204 redigeretur,
951 1129 1042 1188 etex
1067 1131 1204 1188 uictarum
1228 1130 1351 1188 contro·
1440 1159 1443 1172 «

181 1228 291 1290 versiis
318 1225 492 1306 colligimus
522 1225 571 1303 (cf.
597 1224 697 1306 praef.
721 1224 814 1289 schol.
837 1222 930 1305 Pytb.
949 1227 983 1302 2)
1014 1229 1046 1287 et
1076 1225 1134 1304 ipsi
1161 1223 1353 1288 enonnullis

181 1326 382 1406 carminibus,
404 1344 484 1407 quae
497 1330 626 1406 propter
643 1343 759 1390 meram
782 1324 952 1389 collocandi
974 1323 1188 1388 difficultatem
1212 1323 1351 1404 epiniciis

182 1427 290 1490 addita
314 1432 404 1506 sunt,
435 1426 573 1490 iudicare
596 1443 775 1506 possumne.
818 1424 908 1488 Plato
935 1425 1026 1505 (Leg.
1050 1424 1091 1488 lll
1115 1423 1223 1506 roob)
1247 1425 1351 1487 decis

180 1528 335 1608 queritur,
376 1527 428 1606 qui
468 1523 679 1607 κεραννύντες
718 1524 862 1608 θρήνους
899 1547 935 1586 τε
966 1521 1077 1607 ὕμνοις
1114 1525 1167 1587 καὶ
1205 1529 1354 1596 παίωνας

184 1624 441 1708 διθυράμβοις..
456 1626 546 1690 ..καί
568 1629 682 1688 πάντα
705 1628 736 1698 ἐς
758 1622 873 1688 πάντα
895 1625 1085 1705 ξυνάγοντες
1107 1625 1230 1688 initium
1248 1645 1353 1704 παρυ-

185 1726 575 1808 ι·ομίος1ὀυοιίυ1;υυίυο
598 1725 831 1806 depravationis
856 1761 895 1770 -
920 1725 966 1788 vel
989 1726 1093 1805 potius
1115 1742 1291 1806 processus
1316 1741 1354 1784 ne

183 1845 250 1890 cum
282 1827 411 1890 Platone
440 1825 478 1888 de
507 1825 557 1888 his
580 1825 675 1889 rebus
703 1843 812 1905 parum
836 1825 932 1888 libere
955 1822 1292 1894 iudicantelaciamus
1313 1857 1351 1868 -

184 1927 284 2007 prima
306 1926 438 2005 vestigia
459 1925 540 2005 apud
562 1925 731 1990 Pindarum
754 1930 890 2004 exstant,
915 1943 1004 2005 quern
1028 1930 1058 1986 rt
1081 1923 1110 1987 in
1133 1924 1241 1986 metris
1263 1928 1296 1986 et
1320 1923 1351 1987 in

185 2027 354 2090 carminum
376 2025 571 2106 argumentis
594 2024 741 2089 distincta
771 2030 864 2088 antea
890 2023 1048 2088 miscuisse
1077 2029 1220 2102 apparet.
1264 2023 1352 2085 novis

186 2223 282 2275 darum
299 2223 414 2278 constat.
451 2221 504 2276 Cur
522 2219 611 2290 igitur
628 2225 737 2280 πέμπων
762 2219 830 2274 dicit
852 2219 882 2272 in
907 2219 1047 2274 sententia
1073 2219 1216 2287 generali?
1251 2235 1352 2288 nempe

185 2309 236 2362 hoc
254 2312 380 2362 nostrum
404 2323 512 2360 carmen
532 2305 643 2360 missum
672 2309 715 2360 est
740 2311 767 2361 et
790 2305 929 2360 sententia
953 2305 1089 2374 generalis
1114 2323 1188 2358 more
1208 2305 1352 2360 Pindarico

184 2395 279 2450 statim
299 2412 314 2450 e
332 2412 361 2448 re
380 2393 520 2463 praesenti
540 2393 659 2446 colorem
678 2392 758 2446 ducit
776 2411 831 2457 seu,
851 2393 926 2459 quod
944 2393 1036 2445 malim
1055 2392 1153 2456 dicere,
1173 2410 1215 2446 res
1226 2409 1353 2459 praesens

185 2484 312 2535 mutatur
330 2480 358 2534 in
375 2481 491 2534 formam
506 2479 680 2550 generalem'.
717 2484 746 2532 at
765 2477 968 2548 quodrnaxiure
979 2479 1101 2542 offendit,
1121 2477 1226 2531 Disseni
1245 2477 1354 2531 rectione

185 2585 238 2622 non
258 2567 382 2632 tollitur3
401 2585 465 2619 nam
484 2566 650 2635 languidum
668 2567 710 2619 est
728 2565 756 2618 in
776 2564 866 2619 media
885 2564 1006 2634 imagine
1025 2564 1134 2632 poetica
1152 2565 1294 2618 audientes
1304 2565 1352 2616 ad-

185 2653 289 2708 moneri
315 2653 438 2708 carmina
464 2653 612 2715 interdum}
632 2652 734 2720 scripta
753 2651 837 2705 mitti.
883 2650 951 2719 quid
975 2658 1086 2713 πέμπειν
1113 2650 1159 2704 hic
1198 2649 1249 2702 sibi
1277 2649 1357 2712 velit,

184 2741 331 2810 Dionysius
349 2740 470 2795 Chalkus
488 2741 568 2794 docet
585 2739 638 2808 frg.
659 2743 688 2792 1:
878 2726 881 2730 ¹

419 2816 452 2876 ³12
474 2826 594 2896 Θεόδωρε,
613 2827 689 2891 δίχου
707 2827 784 2895 τήνδε
803 2832 993 2893 προπινομένην

394 2914 442 2981 τήν
461 2912 509 2964 ἄπ’
528 2912 590 2973 ἐμοῦ
606 2919 708 2980 ποίησιν
727 2953 733 2965 .
751 2913 797 2978 ἐγώ
816 2913 840 2964 δ’
857 2914 970 2968 ἐπιδέξιοι
989 2918 1105 2971 πέμπω

425 3001 462 3050 σοὶ
480 3001 572 3069 πρώτῳ
590 2999 717 3069 *χαρίτων
737 2999 872 3066 ἐντεριίοας
889 2999 1000 3067 χάριτας

390 3088 431 3136 arri
448 3087 481 3138 οδ
499 3087 584 3150 λαβών
602 3088 660 3138 τόδε
679 3085 757 3154 δῶρον
777 3085 866 3143 ινῗοιδιὶς
883 3085 1119 3155 ἀντιπρόπιθι

426 3175 566 3233 συμπόσιον
584 3173 680 3231 κοσμῶν
700 3175 741 3223 καί
759 3174 787 3222 τὸ
807 3175 850 3222 οδν
868 3161 895 3224 ιδ
912 3175 1024 3232 θέμενος.

187 3256 299 3311 Pindari
321 3257 396 3311 locus
420 3258 531 3312 videtur
550 3259 643 3312 animo
670 3258 727 3313 eius
744 3259 904 3312 observatus
923 3274 979 3311 esse
1006 3257 1050 3325 (cf.
1067 3262 1207 3316 συμποσίου
1232 3278 1257 3306 τι
1277 3256 1353 3326 χάριν

186 3343 260 3403 κᾶδός
279 3365 307 3396 τε
325 3346 445 3404 τιμάσαις
461 3347 500 3396 ἑόν
518 3345 596 3399 Pind.
617 3364 641 3398 v.
662 3347 704 3415 5);
722 3351 833 3406 πέμπειν
850 3345 924 3398 idem
942 3360 1000 3398 esse
1018 3361 1050 3398 ao
1068 3349 1202 3410 προπίνειν
1221 3341 1249 3412 (i.
1263 3359 1285 3396 θ.
1305 3343 1353 3395 do·

186 3446 253 3484 nare
271 3429 305 3486 cf.
323 3429 437 3500 interpr.
456 3430 544 3501 Pind.)
563 3433 714 3502 composito
733 3432 816 3485 verbo
842 3432 1017 3499 ἀντιπρόπιθι
1042 3430 1174 3498 ostendit3
1199 3428 1273 3497 apud
1291 3429 1354 3482 Pin·

187 3515 285 3569 darum
306 3519 401 3572 autem
418 3517 516 3572 eadem
535 3517 617 3572 verba
635 3520 709 3572 inber
727 3535 754 3571 ee
765 3518 941 3588 respondent:
961 3519 1060 3569 Φιοίλιιν
1079 3517 1112 3575 οἷς
1130 3521 1157 3568 εί
1171 3538 1209 3576 τις
1229 3558 1235 3570 .
1253 3557 1281 3572 ..
1304 3517 1353 3567 δοι-

186 3602 290 3667 ρήοετιιι
311 3642 315 3653 .
337 3643 342 3656 .
362 3644 367 3656 .
389 3609 566 3673 προπίνων
585 3645 591 3659 .
611 3645 617 3658 .
640 3641 657 3664 .,
676 3606 717 3654 καὶ
735 3605 782 3669 ἐγώ
801 3643 807 3656 .
828 3646 832 3656 .
853 3643 859 3656 .
879 3610 968 3673 νέκταρ
987 3643 993 3656 .
1013 3643 1020 3656 .
1041 3642 1047 3655 .
1068 3609 1209 3664 πέμπων
1299 3604 1353 3654 ἱλά-

188 3708 283 3749 οκομαι.
322 3687 360 3757 (cf
386 3689 488 3744 Critiae
505 3690 559 3757 frg.
579 3693 602 3754 7,
623 3692 654 3744 61
679 3692 732 3742 ἔστ’
759 3690 791 3742 ἅν
816 3691 881 3760 ὕδωρ
903 3693 961 3758 οίνῳ
987 3690 1188 3754 συμμιγνύμενον
1215 3689 1352 3739 κυλίνεοσιν

186 3785 248 3832 παῖς
266 3775 429 3850 διαπομπεύῃ
448 3781 582 3846 προπδοεις
600 3777 713 3833 ἐπιδέξια
733 3775 840 3836 νωμῶν).
876 3775 951 3830 vides
969 3773 1071 3828 iniuriat
1089 3775 1248 3842 Mezgerum
1267 3791 1291 3840 p.
1302 3775 1354 3828 438

188 3861 277 3915 dicere
296 3862 410 3916 absente
429 3865 511 3930 poeta
529 3862 582 3916 hoc
601 3879 710 3916 carmen
730 3866 873 3917 cantatum
893 3878 963 3916 esse:
995 3880 1060 3914 nram
1079 3861 1164 3915 fuerit
1184 3859 1274 3913 Rhodi
1293 3860 1355 3913 Pin·

186 3947 277 4009 darus,
296 3948 378 4015 plane
396 3949 565 4016 ignoramus.
602 3965 653 4002 nec
669 3948 759 4018 magis
777 3949 843 4003 ficet
860 3966 893 4003 ex
906 3949 940 4002 N.
951 3951 975 4014 3,
994 3951 1042 4003 76:
1063 3948 1116 4015 ,lyci
1128 3949 1184 4000 udde
1202 3969 1241 3999 τοι
1260 3955 1354 4004 πέμποι

186 4041 337 4100 μεμιγμένον
356 4037 413 4094 arla
430 4035 507 4105 λευκῷ
527 4035 572 4087 οὑν
591 4037 705 4100 γάλακτί
723 4036 876 4090 absentiam
888 4035 1002 4088 Pindari
1013 4035 1127 4098 efficere,
1146 4052 1208 4088 narn
1229 4035 1353 4106 ,propino

188 4120 241 4182 tibi
259 4121 312 4176 hoc
329 4121 449 4176 carmen'
467 4122 579 4195 poterat
597 4121 640 4175 vel
657 4138 786 4197 praesens
804 4122 849 4183 pel
867 4123 963 4181 absens
983 4122 1079 4180 dicere.
