3244 4976
735 362 774 428 35

171 539 258 605 velut
278 539 459 605 Athenaeus
481 540 579 605 refert
601 545 740 624 χηνίζειν
763 543 821 607 dici
844 542 901 606 ἐπὶ
921 545 986 605 τῶν
1003 541 1190 607 αὐλούντων
1212 540 1337 606 laudat-

171 658 232 721 que
271 641 390 722 Diphili
429 659 553 707 versum
589 661 606 706 e
642 643 795 725 Synoride
834 643 913 728 (hg.
946 649 963 707 5
1003 643 1116 723 Mein.)
1154 641 1336 727 ,Eyrp'owaa

171 747 211 805 Β.
234 744 366 806 ποιοῦσι
395 743 491 805 τοῦτο
520 741 644 816 πάντες
667 741 699 805 oc‘
719 744 812 827 παροὶ
838 743 1000 826 Trarods'cp'
1029 742 1141 828 quibus
1168 762 1205 807 ex
1233 741 1336 808 verbis

172 842 324 920 suspicari
364 841 438 905 licet
479 842 582 905 emissi
622 843 753 923 spiritus
794 845 959 925 strepitum
1002 862 1147 908 anserum
1189 842 1336 907 stridoris

171 941 300 1003 similem
328 941 473 1005 consulto
503 942 655 1022 quosdam
686 943 779 1008 edere
801 944 911 1008 solitos
934 961 1011 1008 esse.
1054 943 1257 1008 confirmatur
1278 945 1336 1006 hoc

170 1040 224 1118 eis,
247 1057 328 1119 quae
349 1041 481 1105 Ambros
503 1041 589 1121 (bist.
610 1061 687 1106 mus.
711 1043 772 1106 vol.
796 1044 809 1107 l
831 1062 861 1125 p.
886 1044 959 1122 275)
983 1048 1101 1124 narrat,
1124 1043 1156 1106 in
1179 1041 1336 1106 nonnullis

169 1141 299 1204 orientis
328 1141 475 1206 tibiarum
513 1141 680 1220 generibus
715 1143 840 1208 sibilum
869 1143 1024 1224 quendam
1056 1143 1095 1206 ad
1125 1143 1211 1224 ipsos
1243 1159 1334 1206 sonos

170 1240 368 1304 accedentem
382 1245 538 1321 tamquam
553 1242 756 1322 praecipuum
773 1243 939 1308 suavitatis
952 1243 1163 1307 adiumentum
1177 1241 1332 1317 affectari3

169 1357 249 1420 qnae
278 1341 471 1405 consuetudo
499 1342 558 1422 ipsi
588 1341 712 1406 videtur
736 1343 806 1408 inde
826 1363 846 1407 a
868 1349 1007 1409 veterum
1030 1342 1178 1406 memoria
1199 1360 1333 1406 manere.

170 1440 319 1504 eiusmodi
343 1447 448 1505 autem
472 1441 554 1505 vitiis
576 1442 602 1505 si
624 1443 677 1525 qui
699 1443 805 1508 anleta
827 1443 1005 1508 abstinebat
1026 1449 1059 1507 et
1080 1443 1110 1506 id
1131 1442 1275 1522 curabat,
1297 1448 1333 1506 ut

168 1557 263 1603 sonos
293 1559 386 1620 puros
415 1549 447 1605 et
481 1540 644 1606 distinctos
676 1543 848 1625 proterret,
887 1543 952 1607 eius
984 1543 1128 1607 nimirum
1168 1542 1334 1617 dedisacra

170 1637 279 1722 σαφής
298 1639 498 1706 laudabatur.
675 1638 676 1642 ’

250 1775 378 1854 Restat,
407 1780 443 1839 ut
472 1794 541 1839 eum
563 1776 661 1840 locum
686 1780 871 1854 tractemus,
901 1775 955 1858 qui
977 1776 1096 1857 primus
1118 1774 1211 1841 huius
1234 1793 1332 1856 quae-

167 1875 277 1939 stionis
305 1875 477 1938 movendae
505 1892 615 1939 ansam
646 1873 762 1952 dabat,
798 1872 960 1938 Plutarchi
995 1873 1035 1937 de
1071 1892 1149 1939 mus.
1178 1893 1202 1939 c.
1231 1880 1280 1953 21,
1303 1882 1331 1940 4.

167 1974 284 2038 veteris
317 1975 452 2038 musicae
484 1973 632 2037 laudator
655 1973 696 2037 ibi
720 1973 811 2050 dicit,
841 1973 867 2036 si
890 1974 959 2053 quis
981 1991 1050 2037 eam
1072 1992 1140 2038 cum
1160 1976 1331 2040 recentiore

166 2074 299 2153 ingenue
322 2077 495 2155 comparet,
520 2070 608 2156 εὕροι
628 2069 672 2136 ολν
693 2074 728 2136 ἐν
748 2069 862 2157 χρήσει
883 2061 989 2136 οὖσαν
1011 2071 1064 2134 καλ
1085 2071 1161 2135 τότε
1180 2074 1240 2156 τήν
1262 2097 1333 2138 ποι-

165 2175 279 2237 κιλιάν.
321 2177 362 2258 τῇ
378 2174 440 2256 γάρ
457 2174 532 2254 περὶ
550 2173 609 2246 τοὶς
626 2173 846 2256 ῥυθμοποιίας
864 2173 1007 2258 ποικιλίᾳ
1022 2167 1105 2258 οὔσῃ
1120 2174 1332 2259 ποικιλωτέρᾳ

165 2273 347 2360 ἐχρήσαντο
373 2273 404 2336 οἱ
430 2273 574 2336 παλαιοί.
619 2271 650 2335 οἱ
671 2278 733 2354 μὲν
753 2274 814 2355 γάρ
835 2276 895 2336 νῦν
916 2273 1114 2356 φιλομαθεῖς
1137 2273 1332 2357 (φιλόμυθοι

165 2373 304 2454 Volkrn.,
334 2371 500 2455 φιλότονοι
521 2372 629 2453 th.,
657 2372 727 2436 fort.
752 2373 969 2455 φιλομελεῖςλ)
998 2372 1029 2436 οἱ
1058 2373 1096 2436 δὲ
1123 2371 1200 2437 τότε
1222 2372 1331 2456 φιλόρ-

164 2478 293 2555 ρυθμοι.
342 2473 463 2553 ἐτίμων
492 2475 568 2551 γοῦν
595 2472 654 2556 τήν
684 2475 846 2558 perduratio
875 2473 1047 2537 ποικιλίαν.
1098 2474 1151 2536 καὶ
1181 2474 1224 2537 τοὶ
1253 2474 1330 2556 περὶ

162 2573 222 2646 τοὶς
241 2573 457 2656 κρουματικοὶς
478 2572 516 2634 δὲ
535 2572 718 2646 διαλέκτους
737 2571 814 2637 τότε
830 2573 1042 2655 ποικιλώτερα
1061 2562 1104 2660 ἤν
1125 2573 1218 2652 (hunc
1233 2592 1329 2638 enun-

164 2673 310 2737 tiatorum
339 2672 479 2736 ordinem
507 2674 664 2736 —verba
690 2672 732 2754 tot
759 2677 821 2754 plo
846 2674 909 2755 yolo
939 2672 1009 2736 οὖν’
1033 2691 1079 2752 sq.
1111 2674 1141 2737 in
1172 2673 1330 2737 codicibus

162 2777 234 2853 post
260 2770 484 2854 trrorroloiaepoe
510 2761 561 2856 ἦν’
587 2777 714 2836 exstant
740 2809 776 2818 —
798 2771 962 2852 Westphal
992 2773 1022 2834 in
1051 2773 1213 2852 interpret.
1236 2791 1265 2852 p.
1289 2777 1329 2836 48

162 2871 323 2950 restituit).
382 2872 464 2951 quod
503 2877 643 2936 veterum
683 2871 800 2954 rythmi
838 2870 1064 2934 recentioribus
1095 2870 1328 2950 praeferuntur,

162 2988 239 3034 sane
262 2971 427 3034 iudicantis
451 2988 519 3035 esse
543 2971 637 3034 etiam
660 2987 718 3032 nos
738 2969 908 3049 comparati
925 2968 1068 3049 Aeschyli
1087 2987 1156 3033 cum
1172 2969 1328 3049 Euripidis

162 3070 293 3150 rythmis
324 3069 450 3148 docent;
479 3070 589 3134 mirum
611 3087 684 3131 vero
708 3074 772 3147 est,
805 3068 1004 3152 quodetiam
1027 3067 1190 3131 dialexim
1213 3069 1327 3132 instru-

162 3167 313 3231 mentales
344 3170 459 3232 veteris
487 3168 569 3233 illius
605 3167 721 3232 aetatis
753 3168 944 3232 recentiores
975 3168 1130 3232 varietate
1162 3185 1327 3248 superasse

162 3267 328 3348 dicuntur,
357 3285 423 3332 cum
452 3274 499 3332 tot
522 3267 707 3333 testimoniis
729 3267 856 3348 probari
878 3267 977 3348 possit
999 3265 1153 3348 psallendi
1174 3266 1220 3329 vel
1243 3266 1326 3330 tibiis

162 3366 293 3429 canendi
324 3368 428 3430 varias
458 3373 543 3432 artes
574 3404 610 3413 —
641 3366 699 3430 hae
729 3367 811 3430 enim
840 3371 914 3431 sunt
942 3365 1119 3443 διάλεκτοι,
1150 3384 1211 3429 non
1241 3366 1327 3446 ipsae

164 3465 326 3545 melodiae,
349 3483 426 3546 quas
445 3466 602 3546 praeferre
619 3472 756 3531 veterum
780 3473 921 3529 amantes
939 3476 1180 3530 consentaneum
1200 3470 1270 3527 erat
1287 3500 1326 3510 -

161 3582 221 3627 non
251 3565 308 3627 nisi
337 3565 484 3628 inclinata
507 3567 623 3630 veteris
647 3567 783 3631 musicae
806 3565 973 3629 severitate
996 3564 1163 3628 exstitisse.
1206 3563 1325 3627 accedit
1404 3623 1410 3635 ,

110 3705 112 3710 -
160 3662 241 3742 quod
262 3682 371 3743 parum
396 3673 622 3744 congruenter,
655 3673 691 3729 ut
713 3665 948 3729 demonstretur
966 3665 1020 3726 καὶ
1042 3661 1119 3726 τότε
1141 3662 1325 3726 varietatem

157 3761 272 3840 luisse,
313 3781 350 3826 ea
382 3769 502 3828 tantum
533 3771 829 3844 commemorantur,
869 3782 949 3848 quac
979 3763 1134 3826 varietate
1161 3761 1324 3842 superiora

157 3859 288 3940 tuerint;
313 3880 413 3945 neque
434 3864 598 3944 particulis
620 3864 795 3945 ,nai-dd
816 3863 897 3928 alter
916 3861 1146 3941 comparativus
1166 3862 1325 3924 commode

157 3962 347 4026 annectitur.
391 3964 533 4041 equidem
556 3964 631 4028 mihi
651 3963 826 4044 persuadeo
845 3962 927 4027 hunc
946 3959 1189 4042 comparativum
1213 3964 1324 4039 utpote

156 4077 193 4120 ex
216 4060 376 4138 superiore
400 4062 612 4146 ποικιλωτέρᾳ
638 4068 739 4126 ortum
769 4061 930 4125 ferendum
961 4080 1021 4124 non
1049 4077 1135 4136 esso,
1165 4057 1218 4121 sed
1248 4059 1324 4122 scri·
