3244 4976
764 344 805 409 83

194 521 304 587 Aeolio
326 522 420 588 verba
438 521 527 605 fiunt,
549 521 631 586 hunc
648 539 770 585 versum
791 519 894 600 affert,
918 517 992 582 nihil
1010 519 1051 584 ad
1074 537 1148 600 rem,
1170 538 1361 604 quamquam

195 621 383 688 Boechhium
405 623 537 687 movisse
554 622 693 703 videtur3
716 637 809 700 quam
832 617 1007 684 inconsulte
1027 618 1108 683 enim
1126 625 1246 686 veteres
1269 624 1365 689 inter-

195 727 302 806 pretes
330 723 533 800 corroserint,
566 739 647 803 quae
676 722 758 785 inter
785 737 818 783 se
847 717 951 799 aliquo
981 718 1075 782 modo
1103 717 1277 791 cohaerere.
1299 725 1365 806 opi-

195 826 357 904 narentur,
382 821 438 885 hoc
460 821 528 902 ipso
551 821 616 886 loco
638 819 790 884 famosum
814 819 1015 884 castoreum:
1037 817 1148 898 ,Σύνες
1171 815 1257 884 tea
1277 821 1366 904 leye'

21 925 23 998 ζ’
196 928 254 989 etc.
277 921 426 987 ostendit.

277 1021 382 1086 Unum
409 1019 536 1084 modum
564 1037 687 1084 carmen
712 1018 856 1102 quodque
879 1016 1032 1096 hahebat,
1063 1036 1168 1101 equo
1199 1023 1278 1084 tota·
1297 1020 1363 1086 eius

195 1121 316 1188 indoles
345 1118 513 1202 pendebat.
562 1124 597 1184 at
625 1137 698 1184 vero
729 1118 925 1184 collectiones
958 1118 1129 1183 carminum
1158 1118 1197 1183 ab
1229 1118 1364 1184 Alexan-

197 1221 296 1286 drinis
317 1237 452 1304 unquam
476 1218 574 1284 lactas
597 1237 663 1284 esse
686 1218 854 1283 secundum
877 1217 984 1283 modos
1013 1219 1147 1283 musicos
1171 1218 1366 1302 distributas,

196 1321 228 1386 id
250 1320 335 1403 quod
353 1320 404 1384 Et.
424 1319 467 1384 Μ.
481 1337 505 1384 s.
523 1339 551 1384 v.
574 1317 766 1402 εἰδογροίᾳος
781 1324 813 1383 et
836 1318 932 1383 schol.
955 1317 1080 1400 Pytha
1100 1318 1198 1400 praef.
1220 1319 1366 1399 traditur,

197 1439 261 1486 non
285 1421 384 1501 magis
406 1420 511 1498 oredo,
534 1436 626 1500 quam
651 1437 739 1498 eum,
761 1419 815 1500 qui
836 1417 928 1483 hodie
950 1419 1056 1483 musici
1076 1419 1206 1484 alicuius
1229 1421 1366 1484 carmina

197 1521 303 1586 mollia
326 1525 359 1584 et
380 1519 458 1584 dura
481 1535 621 1584 seorsum
645 1519 720 1582 velit
742 1519 844 1599 edere,
868 1537 978 1584 sanum
1003 1519 1141 1584 iudicem.
1179 1521 1243 1585 ista
1264 1521 1367 1602 opinio

197 1642 234 1689 ex
267 1621 346 1685 male
375 1619 533 1684 intellecto
562 1618 717 1700 Apollonii
746 1617 962 1703 taldoyoa'gpov'
992 1620 1174 1701 cognomine
1204 1625 1274 1684 orta
1307 1626 1366 1684 est.

198 1714 284 1796 εἶδος
305 1721 404 1786 solum
433 1738 494 1784 non
517 1724 622 1802 potest
649 1718 844 1783 harmoniam
867 1718 1061 1800 significare,
1092 1721 1150 1785 nisi
1171 1719 1227 1782 deal
1248 1723 1368 1784 πασῶν

197 1823 324 1888 additur
345 1820 396 1885 vel
417 1839 434 1884 e
454 1820 680 1884 sententiarum
701 1837 818 1882 conexu
844 1819 962 1884 musica
986 1819 1052 1884 eius
1074 1820 1158 1886 vocis
1181 1821 1227 1884 vis
1254 1820 1367 1885 elucet.

198 1941 279 2006 quae
311 1922 374 1986 siut
406 1919 477 2002 εἴδη
509 1923 704 2000 poematum,
737 1924 813 1982 nota
847 1937 913 2000 res;
950 1918 1026 1986 haec
1059 1925 1141 1986 reete
1175 1920 1367 2001 distinguere

197 2040 310 2104 operae
346 2021 481 2102 pretium
517 2024 593 2084 erat.
645 2019 719 2099 quid
760 2018 842 2100 quod
874 2019 1028 2100 Apollonii
1069 2021 1225 2084 sententia
1257 2020 1297 2084 ad
1336 2019 1366 2084 id

197 2120 326 2186 Pindari
354 2137 477 2185 carmen
508 2118 672 2198 laudatur,
701 2119 741 2183 do
770 2118 856 2184 cuius
886 2118 984 2184 modis
1013 2120 1140 2184 musicis
1169 2138 1208 2184 ue
1240 2120 1366 2182 minima

199 2221 333 2305 quidem,
351 2219 453 2302 quoad
472 2219 615 2298 sciamus,
635 2217 791 2282 dubitatio
807 2217 876 2298 luit,
892 2219 1025 2283 maxima
1043 2225 1159 2298 autem,
1182 2219 1213 2282 in
1231 2236 1366 2299 quonam

198 2326 374 2403 poematum
394 2337 506 2400 genere
521 2317 746 2383 numerandum
764 2319 870 2383 esset?
904 2317 1031 2383 fuerunt
1045 2319 1127 2383 enim
1141 2319 1194 2400 qui
1213 2323 1366 2399 negarent

199 2420 365 2502 epinicium
386 2437 455 2484 esse
474 2419 524 2499 (cl.
544 2417 640 2483 schol.
661 2413 724 2483 P.2
742 2417 864 2502 praet).
903 2418 979 2483 talia
994 2418 1154 2484 tractabat
1174 2419 1367 2500 Apollonius,

199 2540 263 2585 non
292 2539 345 2600 ea,
374 2539 454 2603 quae
482 2519 663 2601 Bernhardy
693 2519 777 2602 (hist.
802 2521 863 2585 litt.
885 2538 932 2600 gr.
955 2521 986 2584 ll
1012 2524 1121 2600 nolo)
1151 2519 1365 2601 Etymologico

200 2619 315 2701 Magno
345 2619 425 2686 male
453 2619 588 2685 confisus
619 2619 658 2684 de
687 2637 724 2683 eo
752 2619 866 2685 refert:
898 2621 966 2702 ετοὶς
993 2619 1153 2693 δοκούσας
1180 2622 1246 2683 τῶν
1274 2618 1367 2702 οἰδῶν

199 2719 324 2804 Δώριον
338 2720 433 2802 μέλος
456 2722 540 2800 ἔχειν
555 2721 612 2783 ἐπὶ
628 2719 666 2783 τό
682 2720 764 2784 aduri
779 2723 906 2804 συνῆγε,
929 2721 983 2784 καὶ
1003 2726 1143 2804 Φρυγίας
1160 2721 1214 2783 καὶ
1230 2720 1368 2794 Λοδιάς’

201 2827 260 2887 etc.
296 2820 374 2886 haec
394 2820 507 2903 aliquis
530 2838 694 2901 perperam
714 2820 826 2885 doctus
849 2839 886 2885 en
900 2821 1022 2884 nomine
1043 2819 1234 2903 εἰδογράφος
1250 2826 1367 2884 temere

200 2921 311 2987 effecit.
354 2939 414 2984 non
437 2920 537 2999 magis
559 2918 687 2989 Christii
711 2919 888 2984 sententiae
910 2919 1014 3001 (Metr.
1032 2920 1104 3000 675)
1126 2919 1292 3001 astipulor,
1314 2921 1366 3001 qui

199 3021 329 3088 Pindari
359 3020 436 3085 odas
465 3018 603 3100 singulas
625 3019 697 3103 εἴδη
720 3037 738 3083 a
760 3019 937 3085 scholiastis
966 3023 1095 3100 propter
1126 3019 1230 3083 varios
1258 3019 1367 3083 modos

200 3121 335 3186 musicos
366 3119 519 3202 appellari
548 3119 663 3200 credit,
700 3121 803 3186 nescio
835 3137 876 3184 an
906 3117 1002 3184 futtili
1037 3120 1098 3184 isto
1132 3119 1169 3183 de
1200 3119 1365 3200 Apollonio

200 3219 380 3286 testimonio
401 3223 587 3285 commotus.
