3244 4976
763 351 782 411 9

180 525 237 598 ἕως
256 524 301 598 εἰς
317 525 401 590 Mat.
424 572 501 590 .....
525 523 674 608 ποιηιήι’
694 523 869 589 Volkmann
891 523 1024 590 delenda
1046 525 1178 590 censuit.
1221 525 1339 601 nescio,

177 644 240 705 qua
271 626 309 689 de
340 644 435 690 causa
466 626 497 689 id
526 625 652 702 fecerit,
683 626 736 690 scd
760 626 920 705 complura
941 643 989 690 me
1012 632 1224 703 commovent,
1256 613 1292 690 ut
1314 625 1342 688 ei

176 726 341 790 assentiar.
386 726 520 806 primum
548 727 602 806 qui
634 727 735 791 verbis
765 727 803 789 ro*
832 725 977 789 παλαιόν
1005 733 1037 790 et
1065 721 1204 807 ὕστερον
1232 727 1343 804 utitur,

176 825 310 889 noluisse
333 825 459 890 videtur
481 827 658 890 accuratius
683 831 805 906 tempus
831 826 1016 907 significare.
1061 825 1176 906 alioqui
1198 824 1341 905 ambigue

96 927 99 934 '
176 924 373 1006 loqueretur,
401 944 473 989 narn
503 927 530 989 si
551 925 780 1006 Melanippides
803 927 870 1006 ipso
893 926 1009 1006 primus
1032 926 1203 989 mercedem
1227 924 1341 988 auletis

176 1042 237 1086 non
260 1023 366 1105 dabat,
389 1025 463 1105 quid
478 1024 538 1088 sihi
552 1023 795 1107 vultiiotooov‘?
838 1026 959 1104 deinde,
983 1025 1013 1089 id
1030 1025 1340 1108 quodgravissimom

178 1131 237 1202 est,
261 1143 299 1188 eo
321 1124 398 1202 loco,
422 1127 473 1206 qui
496 1127 642 1189 contiuuo
665 1128 807 1206 sequitur
829 1126 1012 1205 (secundum
1031 1124 1264 1207 Wyttenhachii
1288 1142 1338 1186 or·
1387 1189 1388 1192 ,

176 1225 302 1306 dinem),
325 1224 552 1306 Melanippides
571 1226 589 1288 ὁ
605 1226 777 1307 μελοποιός
795 1231 1065 1291 commemoratur.
1111 1224 1273 1305 Westphal
1296 1224 1340 1306 (in

176 1324 436 1405 interpretatione
459 1344 488 1405 p.
507 1327 561 1403 53)
584 1326 664 1389 diros
685 1326 911 1406 Melanippidas
934 1327 1097 1406 distinguit
1118 1325 1173 1402 ild.
1187 1325 1216 1389 d.
1234 1325 1341 1405 ilithy-

176 1425 483 1505 rambenoomponist
512 1462 552 1471 -
581 1425 623 1490 M.
654 1429 710 1489 der
739 1427 1044 1507 Licderoompouist).
1112 1426 1191 1490 duos
1227 1425 1341 1489 Suidas

178 1525 281 1602 novit,
315 1544 449 1607 quorum
478 1527 626 1590 minorem
659 1534 765 1592 notum
797 1527 883 1591 illum
913 1527 1183 1608 dithyramborum
1215 1535 1339 1608 poetam

175 1624 273 1687 fuisse
296 1644 332 1688 ex
354 1629 484 1690 confusa
502 1626 618 1690 Suidae
640 1627 782 1691 doctrina
803 1629 859 1691 riri
878 1627 959 1692 docti
977 1626 1155 1691 effecerunt.
1197 1627 1250 1690 sed
1271 1633 1341 1690 utut

178 1723 215 1786 de
238 1723 351 1787 Suidae
376 1725 477 1788 verbis
500 1727 630 1805 indicae,
653 1727 696 1792 ll.
720 1727 738 1791 ὁ
757 1727 941 1809 μελοποιός,
966 1728 1039 1808 quia
1064 1745 1124 1790 una
1147 1744 1214 1790 cum
1237 1726 1342 1789 Philo-

178 1844 256 1887 xeno
280 1833 311 1888 at
329 1825 492 1888 Timotheo
514 1827 546 1889 in
569 1845 687 1904 eorum,
709 1828 759 1909 qui
785 1845 848 1890 rem
871 1827 1020 1890 musicam
1037 1827 1190 1904 novarint,
1212 1845 1341 1890 numero

178 1924 327 2003 affertur,
362 1943 422 1988 uon
451 1931 558 2006 potest
585 1925 726 1990 diversus
755 1945 823 1991 esse
852 1926 933 1990 aM.
957 1927 1191 2007 dithyrambica.
1237 1927 1341 2007 itaque

178 2025 216 2087 de
239 2023 345 2088 eoadem
369 2024 581 2106 Melanippide
613 2034 746 2107 utroque
769 2025 928 2090 Plutarchi
957 2027 1026 2090 loco
1054 2027 1148 2091 verba
1174 2026 1263 2091 fiunt.
1308 2033 1341 2089 at

179 2144 253 2188 utero
277 2126 408 2188 inarime
432 2126 544 2189 mirum
568 2133 626 2206 est,
650 2145 744 2190 uuum
762 2127 915 2190 hominem
932 2127 979 2189 bis
997 2128 1105 2207 paucis
1121 2127 1223 2189 verbis
1243 2128 1341 2190 inter-

179 2226 266 2288 iactis
289 2233 560 2289 commemoratum
580 2226 701 2289 duobus
719 2227 848 2290 diversis
866 2227 1011 2307 epithetis
1029 2227 1181 2306 insigniri.
1224 2245 1285 2306 qua
1306 2246 1340 2289 re

180 2324 383 2388 confirmatur
413 2325 547 2404 suspicio
578 2325 799 2406 interpolatori
829 2327 965 2409 priorem
987 2327 1055 2390 eius
1077 2327 1264 2390 mentionem
1289 2326 1341 2388 de-

180 2425 243 2488 heri
255 2427 286 2505 ¹).
332 2425 469 2504 accedit,
500 2424 581 2505 quod
605 2425 673 2505 ipsa
697 2426 880 2489 annectendi
903 2427 1003 2489 ratio:
1032 2430 1157 2506 ,Λᾶσος
1257 2425 1342 2489 utto

179 2526 238 2606 γαρ
260 2525 326 2586 καὶ
350 2523 503 2609 adipeam}
601 2525 719 2606 ὁμοίοις
737 2525 865 2590 Meton.
886 2525 1198 2606 a'rttysro‘pacog'
1220 2525 1341 2607 suadet,

179 2634 214 2690 ut
235 2646 280 2707 oa,
304 2643 385 2705 quae
408 2626 586 2688 demutata
610 2625 761 2689 auleticae
775 2626 965 2715 condicione
987 2625 1177 2703 referuntur,
1203 2636 1342 2706 tempore

179 2729 260 2791 Laso
283 2745 377 2806 quam
394 2726 624 2806 Melanippidae
653 2726 797 2807 propiore
820 2745 980 2807 ponamus
1024 2726 1136 2806 quodsi
1155 2728 1342 2806 quaerimus,

180 2833 313 2907 quonam
345 2828 411 2890 iure
447 2827 542 2889 etiam
575 2825 727 2890 auleticac
759 2833 880 2890 vetusto
917 2824 968 2888 illo
1008 2834 1147 2906 tempore
1185 2825 1343 2898 ποικιλίας

179 2926 336 2990 affectatio
360 2926 529 3006 tribuatur,
552 2926 659 2989 statim
681 2926 712 2988 in
735 2935 872 2988 incutem
894 2927 978 2988 venit
999 2925 1075 2990 clari
1095 2924 1177 2988 illius
1192 2925 1342 2988 Pratinae

179 3026 430 3108 hyporchematis
452 3025 523 3108 (hg.
542 3027 591 3108 l),
623 3026 674 3089 ubi
697 3025 859 3089 tibicinum
882 3023 1047 3088 insolentia
1072 3044 1100 3088 u.
1121 3026 1197 3106 5sq.
1223 3025 1269 3087 his
1293 3043 1342 3088 re-

179 3129 324 3207 pellitur:
351 3126 414 3188 ταν
443 3126 563 3188 dordan
590 3133 775 3188 κατέστασε
797 3123 908 3206 Πιερὶς
929 3124 1110 3205 βασίλειαν·
1152 3125 1170 3187 o‘
1195 3124 1223 3187 δ’
1245 3123 1344 3197 αὐλός

179 3223 316 3306 ὕστερον
345 3233 511 3306 χορευέτω·
551 3226 604 3288 καὶ
633 3225 693 3306 peip
724 3225 798 3288 ἔσθ’
826 3224 998 3306 ὑπηρέτας.
1040 3225 1153 3305 quibus
1186 3225 1342 3290 Plutarchi

179 3327 277 3390 verba
308 3335 373 3389 tam
404 3326 516 3389 similia
546 3333 635 3406 sunt,
666 3331 703 3388 ut
724 3344 784 3388 uon
807 3325 964 3402 dubitem,
997 3327 1070 3404 quin
1094 3326 1272 3389 Aristoxeni
1295 3325 1342 3390 vel

181 3427 258 3504 eius,
281 3427 333 3507 qui
356 3427 432 3489 haec
453 3427 639 3506 conscripsit
662 3429 706 3506 (v,
728 3425 892 3505 Westphal
913 3424 933 3487 l.
955 3425 974 3487 l.
996 3443 1027 3505 p.
1049 3427 1115 3505 18),
1138 3428 1241 3489 auimo
1263 3427 1343 3490 Pra-

180 3527 265 3589 tinae
299 3527 384 3590 locus
422 3528 606 3591 obversatus
637 3527 688 3589 sit.
740 3531 824 3589 certe
852 3524 904 3588 illo
933 3525 1080 3588 docemur
1110 3525 1253 3610 ποικιλίᾳ
1281 3528 1341 3591 iam

180 3627 329 3691 Pratinae
350 3627 369 3689 i.
391 3645 417 3688 e.
439 3626 510 3689 Lasi
536 3625 728 3706 temporibus
751 3625 890 3688 tibicines
912 3643 1034 3704 quoque
1057 3624 1225 3689 studuisse.

263 3726 352 3807 Apud
372 3725 571 3789 Plutarchum
595 3726 726 3805 denique
746 3725 994 3790 commemoratis
1011 3723 1224 3804 Melanippida
1240 3724 1343 3788 Philo·

180 3847 258 3891 xeno
287 3827 449 3890 Timotheo
478 3829 516 3888 dc
543 3825 600 3889 hoc
626 3825 767 3888 additur:
801 3812 904 3906 (οὗτος
931 3823 992 3904 γοῖρ
1023 3821 1259 3905 ἑπταφθόγγου
1288 3829 1343 3908 τῆς

181 3964 373 3972 ———-.--

253 4013 278 4081 1)
298 4009 382 4064 otiam
401 4009 438 4063 sic
457 4009 545 4063 altero
565 4008 624 4061 loco
641 4009 820 4069 pilumnoe,-
837 4005 978 4076 epitheton
998 4006 1078 4074 ptam
1094 4005 1192 4060 inutile
1208 4009 1257 4071 est,
1276 4007 1343 4076 quia

182 4101 242 4152 130ᾒο
262 4097 314 4150 hoc
332 4096 392 4150 ioco
411 4095 519 4150 nonnisi
537 4095 570 4149 tie
588 4096 728 4155 μελοποιοῖς
745 4093 848 4160 ligitur.
886 4111 945 4146 culli
968 4094 1112 4160 praecellat
1132 4092 1215 4151 Λᾶσος
1233 4093 1245 4144 ὅ
1260 4094 1341 4161 ‘Eram-
1423 4129 1424 4132 =

181 4185 263 4249 σιούς,
286 4181 520 4252 persuasissimum
539 4180 609 4234 mihi
627 4184 669 4235 est
691 4178 862 4236 scribendum
882 4197 938 4235 esse
958 4179 1186 4247 Μιλαιιιιιιίδηςὸ
1207 4181 1237 4229 M
1244 4180 1341 4246 ῄλιις.
