3244 4976
732 428 751 492 3

161 608 267 674 eodem
287 607 402 688 sensu),
426 606 519 671 semel
541 606 701 688 ‘rationem
718 605 844 670 hebere'
865 604 986 689 (14,1);
1007 606 1066 672 hoc
1088 608 1154 673 loco
1178 611 1322 674 imitandi

158 710 316 773 notionem
341 707 438 772 hahet
463 707 513 788 (ut
534 727 564 770 v.
585 724 609 770 c.
633 705 716 787 apud
739 707 910 770 Luciauum
932 707 1162 789 tanmem).
1214 711 1322 793 itaque

157 809 352 891 πολοφωνία
373 826 433 871 uon
456 807 616 870 inventum
640 805 713 870 Lasi
734 811 783 869 est
803 808 907 887 (quem
928 826 1065 871 errorem
1088 827 1127 872 ue
1149 807 1319 874 (lhristium

159 908 283 989 quidem
305 907 399 972 Metr.
420 907 482 970 678
504 907 619 970 vitasse
643 906 711 968 iure
733 905 878 987 mireris),
907 906 961 973 sed
988 910 1050 972 iam
1069 907 1128 973 fuit
1150 909 1222 973 Lasi
1246 918 1321 974 tem-

156 1008 284 1090 poribus
306 1026 343 1072 ac
363 1006 424 1071 luit
445 1007 475 1070 in
500 1006 603 1080 tihiis;
626 1005 726 1069 Lusus
749 1011 853 1070 autem
877 1025 944 1070 eum
963 1007 1103 1072 imitatus
1122 1015 1181 1082 est,
1205 1011 1321 1074 scilieet

157 1111 187 1173 in
218 1108 359 1187 chordis,
389 1125 459 1170 nam
482 1105 540 1169 hoc
560 1107 663 1168 arrimo
687 1105 832 1185 supplere
855 1107 1002 1186 cogimur.
1044 1107 1082 1171 de
1106 1106 1227 1178 cithara
1251 1129 1319 1174 cum

156 1207 353 1272 Volkmanno
390 1210 422 1270 et
452 1204 636 1269 Guhrauero
669 1204 719 1268 hic
753 1206 956 1284 cogitandum
989 1225 1058 1272 esse
1092 1208 1164 1272 iude
1198 1226 1320 1290 quoque

155 1309 273 1385 elucet,
305 1305 388 1388 quod
419 1305 501 1369 inira
532 1303 693 1385 particulis
722 1302 818 1384 toe'llnl
847 1305 909 1387 γάρ
936 1306 1000 1369 καῖ’
1028 1309 1179 1372 transitus
1211 1308 1247 1372 lit
1280 1311 1319 1372 ad

157 1405 332 1493 αὐλητικήν
363 1404 440 1488 (sive
468 1404 527 1469 hoc
555 1405 750 1468 enuntiatum
780 1404 841 1468 illis
869 1405 907 1470 de
932 1405 1015 1471 Laso
1044 1408 1148 1472 verbis
1174 1410 1320 1474 continuo

156 1506 389 1588 adiungendum
419 1509 483 1584 est,
514 1510 551 1567 ut
572 1503 671 1584 Wytt.
696 1509 728 1567 et
752 1503 893 1586 Westph.
917 1511 1060 1584 censent,
1088 1507 1153 1572 sive
1180 1509 1318 1573 codicum

154 1609 231 1672 ordo
256 1606 452 1683 retinendus,
476 1604 506 1665 iu
529 1604 641 1684 quihus
663 1604 793 1668 aliorum
816 1603 1204 1672 citharoedorum'mentio
1222 1609 1319 1673 inter-

154 1709 236 1771 iecta
259 1708 330 1788 est).
374 1722 446 1768 nam
469 1701 642 1791 αὐλητικήν
663 1701 1318 1795 1110001100ῖοψιλὴναῦληωνεοοαοοῖω

155 1809 267 1872 docent
296 1807 374 1882 (τῶν
400 1804 551 1888 αὐλητῶν
577 1803 828 1886 ὑπηρετούντων
851 1810 918 1878 τοῖς
939 1805 1179 1888 δοδασκάλοῖς);
1211 1809 1318 1888 itaque

156 1925 218 1971 uon
241 1911 367 1986 poterat
388 1906 447 1969 nisi
469 1904 680 1970 citharisticae
703 1909 758 1968 aut
779 1904 1004 1970 citharoedicae
1026 1907 1088 1970 arti
1109 1909 1233 1987 opponi.

239 2031 326 2108 Quae
357 2048 430 2094 vero
461 2031 523 2093 ista
555 2027 703 2092 tibiarum
738 2029 933 2113 πολοφωνία
967 2029 1041 2094 esti
1099 2051 1127 2096 v,
1156 2031 1216 2096 Jau
1250 2036 1315 2114 (die

155 2131 270 2210 griech.
295 2131 493 2195 Saiteuinstr.
517 2129 626 2208 Progr.
645 2129 860 2209 Saargernlind
879 2130 958 2194 lasa
976 2148 1007 2210 p.
1019 2132 1074 2212 14)
1097 2131 1189 2196 dicit:
1209 2132 1317 2214 (Lasos

155 2233 306 2312 lihertrug
346 2230 396 2294 die
430 2227 718 2307 Zweistimmiglreit
749 2229 805 2292 der
836 2227 1129 2310 Fllitenhegleitung
1174 2232 1231 2296 auf
1268 2235 1318 2298 die

155 2329 484 2397 Saiteninstrumente'
506 2333 538 2392 et
560 2334 704 2392 accurate
724 2327 879 2408 explicare
900 2335 1041 2410 conatur,
1066 2332 1223 2412 quomodo
1246 2335 1316 2416 quis

154 2434 183 2495 iu
216 2432 337 2495 cithara
366 2429 477 2493 tibiam
508 2426 663 2507 duplicem
693 2428 810 2490 imitari
838 2427 948 2508 possit.
1000 2429 1056 2492 sed
1079 2430 1200 2494 etiamsi
1222 2431 1316 2496 lanio

154 2530 323 2596 concedere
350 2546 512 2610 possemus
536 2526 749 2610 πολυφωνίαν
770 2527 800 2589 id
824 2528 998 2606 significare
1019 2546 1127 2610 posse,
1156 2530 1237 2610 quod
1259 2541 1316 2595 nos

153 2629 371 2712 polyphoniam
391 2645 535 2691 vocamus
555 2627 588 2706 (i.
600 2645 625 2690 e.
643 2625 938 2709 Mehrstimmiglreit
956 2627 994 2692 01.
1006 2625 1113 2692 Jahrb.
1128 2631 1216 2707 1881,
1231 2632 1316 2712 515),

154 2732 288 2796 duorum
319 2735 424 2792 tamen
454 2746 560 2791 vocum
587 2734 767 2791 concentum
789 2726 848 2791 hoc
869 2727 1020 2793 vocabulo
1042 2747 1177 2810 unquam
1200 2729 1316 2808 signifi-

152 2839 256 2896 catum
279 2847 348 2894 esse
371 2828 496 2892 minime
517 2827 581 2890 veri
606 2826 704 2890 simile
725 2834 783 2890 est.
830 2829 922 2892 immo
940 2845 1017 2909 eam,
1040 2847 1133 2910 quam
1151 2827 1316 2892 Guhrnuer

151 2931 224 2994 huic
253 2929 322 2994 voci
353 2928 513 2992 notionem
543 2927 702 2990 Plutarchi
735 2926 801 2990 loco
828 2927 1022 2991 tribuendam
1054 2934 1160 2992 censet
1187 2928 1220 3007 (l.
1244 2929 1262 2992 l.
1283 2936 1315 2993 et

151 3028 259 3095 Jahrb.
283 3029 378 3108 1880,
402 3026 494 3108 698),
534 3025 687 3089 ubertatis
723 3044 885 3105 sonorum,
923 3026 1011 3091 unice
1040 3032 1156 3092 rectam
1184 3046 1252 3092 esse
1283 3033 1316 3093 et

153 3137 269 3194 temere
291 3128 419 3207 iecisse,
449 3128 501 3207 qui
523 3144 654 3207 usquam
682 3125 893 3206 πολυφωνίαν·
915 3127 1137 3208 polyphoniam
1160 3142 1228 3192 esse
1249 3145 1315 3192 cre-

151 3229 300 3307 diderint,
322 3227 495 3292 certissime
517 3227 724 3290 demonstrari
747 3231 862 3306 potest.
1349 3227 1353 3238 “

234 3353 371 3417 Primum
384 3351 506 3430 Graeci,
529 3353 595 3416 sive
613 3351 739 3432 proprie
758 3352 822 3414 sive
841 3350 1003 3415 translatis
1019 3350 1121 3415 verbis
1137 3351 1315 3432 loquuntur,

151 3452 348 3536 πολύφωνον
365 3469 486 3532 semper
505 3450 536 3514 id
552 3451 720 3532 appellant,
741 3451 824 3530 quod
842 3450 992 3530 plurimos
1010 3468 1103 3514 sonos
1120 3451 1211 3514 edere
1222 3452 1315 3526 valet,

153 3570 315 3635 utinquam
343 3551 392 3628 id,
422 3550 502 3630 quod
531 3550 673 3630 pluribus
702 3551 787 3614 sonis
808 3551 899 3614 simul
921 3551 1042 3614 emissis
1063 3556 1204 3630 constat,
1233 3553 1314 3631 quod

151 3669 207 3716 nos
229 3649 441 3734 polyphouum
464 3668 619 3713 vocamus.
662 3651 779 3714 Aratus
797 3670 825 3714 v.
845 3651 925 3714 loca
944 3651 1095 3715 cornicem
1118 3649 1193 3714 dicit
1213 3647 1316 3714 πολύ-

151 3773 244 3835 φωνα
266 3749 405 3833 κρώζειν,
436 3749 625 3813 Aristoteles
648 3749 717 3812 hist.
741 3768 791 3814 an.
814 3750 907 3828 lac
931 3749 1052 3813 minora
1075 3750 1175 3812 avium
1198 3769 1315 3830 genera

148 3849 333 3934 πολύφωνα
353 3851 407 3913 καὶ
429 3849 605 3929 λαλίστερα
632 3856 723 3912 vocat
754 3848 804 3931 (cf.
827 3847 865 3912 de
888 3854 969 3928 part.
994 3865 1043 3912 an.
1066 3849 1081 3912 I
1101 3850 1153 3912 17:
1178 3853 1243 3911 acio
1264 3849 1316 3930 ὅρ-

151 3953 257 4012 otono
279 3951 357 4012 ἔνιοι
376 3948 594 4031 waldperht),
624 3954 736 4011 neuter
758 3947 896 4028 prolecto
918 3947 956 4010 de
978 3951 1130 4010 concentu
1154 3949 1313 4028 cogitavit.

152 4048 328 4129 Hyperides
351 4049 381 4112 in
407 4048 511 4112 libello
536 4047 573 4110 de
595 4047 787 4110 sublimitate
811 4065 836 4110 c.
851 4047 893 4110 34
915 4043 1108 4128 πολύφωνος
1125 4047 1313 4128 appellatur,

148 4153 259 4228 utpote
290 4148 344 4229 qui
376 4149 534 4211 varietate
564 4145 747 4227 affectuum,
787 4164 865 4227 quos
895 4145 978 4211 ciere
1010 4149 1126 4226 possit,
1160 4152 1194 4210 et
1226 4149 1313 4212 vario

151 4247 298 4328 loquendi
334 4267 448 4328 genere
480 4247 717 4311 Demosthenem
753 4252 887 4326 superet.
944 4245 1112 4310 Homerum
1145 4246 1314 4328 Dionysius
