3244 4976
747 371 787 436 67

185 547 219 612 Ρ.
236 549 265 711 ii
275 551 313 614 69
343 548 552 631 hyporchema
581 549 653 631 (irg.
683 553 770 631 105),
802 549 900 632 'quasi
921 548 1124 635 Καστόρειον
1151 551 1227 618 illud
1256 559 1350 636 esset,

183 652 252 714 attu
267 648 301 714 it.

268 755 332 821 Sed
361 759 396 821 ut
425 754 465 820 ed
494 772 645 820 summam
668 756 890 838 disputationis
912 755 1053 836 redeam,
1083 775 1175 838 quam
1197 758 1350 824 lubricum

186 853 227 917 sit
255 855 337 920 artis
366 856 451 936 leges
476 855 525 919 vel
552 856 597 919 rei
619 856 756 921 musicae
778 857 990 922 condicionem
1012 875 1029 921 e
1052 857 1180 922 Pindari
1208 876 1351 924 sermone

186 953 236 1018 din
260 956 433 1037 praeterita
455 957 570 1038 ubique
589 955 742 1021 referente
761 956 913 1037 colligere,
935 975 972 1022 ex
985 962 1052 1022 tota
1064 957 1122 1022 hec
1135 957 1350 1040 disquisitione

185 1056 307 1121 elucere
339 1055 485 1121 arbitror.
542 1063 642 1120 restat
673 1065 776 1121 tamen
804 1057 904 1122 adhuc
934 1057 972 1121 de
1002 1076 1036 1122 re
1064 1058 1181 1123 musica
1209 1060 1351 1142 quaestio

185 1317 267 1368 quam
293 1318 350 1356 non
373 1302 429 1357 veri
455 1302 543 1357 simile
566 1303 616 1368 sit,
643 1321 753 1360 carmen
778 1303 932 1375 puerilibus
955 1303 1031 1358 vitiis
1053 1303 1199 1359 ridiculum
1222 1302 1251 1357 in
1270 1305 1351 1357 tanto

185 1385 289 1442 honore
313 1388 409 1453 fuisse,
436 1396 467 1442 ut
486 1389 622 1445 Lucienus
642 1391 865 1459 (lamentandi)
885 1391 977 1446 Musas
999 1389 1028 1444 id
1046 1389 1076 1444 in
1094 1391 1206 1445 deorum
1226 1389 1351 1444 convivio

184 1492 239 1528 una
251 1493 314 1529 cum
326 1475 442 1530 Hesiodo
454 1475 603 1546 theogonia
612 1481 741 1532 canentes
754 1479 897 1533 induceret
915 1510 950 1518 —
966 1478 997 1531 in
1015 1473 1172 1532 huiusmodi
1192 1479 1350 1548 mythorum

187 1561 397 1618 enumeratione
424 1579 478 1617 non
500 1563 644 1619 offendisse
664 1568 769 1620 veteres
787 1565 846 1634 ipse
865 1564 999 1620 Pindarus
1017 1563 1139 1618 ostendit
1157 1563 1278 1618 carmine
1296 1564 1320 1620 J.
1335 1566 1350 1618 ‘l

186 1649 236 1719 [6],
256 1649 330 1718 quod
349 1666 430 1705 senex
451 1650 559 1719 scripsit
577 1653 612 1719 (v.
625 1652 683 1722 41);
703 1651 795 1721 Bergk
814 1652 854 1720 (P.
867 1651 893 1705 L.
905 1651 951 1706 Gr.
970 1650 996 1704 Ι*
1014 1669 1041 1720 p.
1055 1651 1097 1717 ll)
1118 1667 1215 1719 parum
1233 1651 1352 1706 feliciter

186 1753 241 1790 rem
269 1736 386 1792 invertit
412 1740 440 1791 et
460 1738 551 1806 ἕκαλος
568 1741 654 1800 ἔπειμι
671 1738 757 1808 γῆρας’
777 1738 813 1792 ab
831 1736 1039 1792 adulescentulo
1057 1738 1162 1792 dictum
1180 1755 1236 1792 esse
1255 1737 1350 1792 credit.

185 1821 273 1877 simile
292 1822 326 1876 N.
339 1826 370 1879 10
388 1823 501 1878 initium
520 1827 562 1880 est
581 1827 609 1880 et
627 1825 758 1880 Horatius
777 1828 809 1894 (o.
824 1825 846 1890 Ι,
859 1825 901 1892 12)
922 1825 986 1880 deos
1003 1825 1156 1894 heroesque
1174 1826 1210 1880 ad
1229 1827 1350 1882 taedium

185 1927 271 1978 usque
296 1912 483 1965 enumerando
502 1911 603 1967 mirum
623 1929 707 1981 quam
731 1911 876 1981 magnifiee
895 1915 925 1966 et
941 1914 1049 1968 vetuste
1067 1911 1120 1967 sibi
1138 1913 1215 1982 loqui
1233 1913 1350 1968 videtur.

184 1995 282 2051 amuda
301 1997 412 2068 α’ποριας
429 1998 535 2054 termae
553 2001 725 2054 vetustatem
747 2016 802 2053 uon
822 1999 903 2053 modo
922 1998 1017 2069 hymni
1037 1998 1175 2053 Homerici
1193 1999 1350 2064 ostendunt,

186 2083 232 2137 sed
256 2082 341 2137 etiam
369 2083 398 2138 iu
417 2083 552 2140 Hesiodea
571 2084 662 2156 poesi,
687 2102 770 2154 quam
789 2085 898 2140 colebat
915 2085 1051 2140 Pindarus
1070 2088 1098 2140 et
1115 2085 1168 2140 hoc
1187 2085 1349 2154 praesertim

184 2169 288 2238 hymno
313 2170 478 2240 theogonico
503 2171 630 2227 imitatus
646 2188 703 2226 esse
721 2170 846 2234 videtur,
872 2171 1033 2227 soHemnem
1054 2189 1115 2226 eam
1134 2171 1216 2226 fuisse
1235 2188 1269 2225 ex
1288 2188 1351 2226 eoe-

186 2273 263 2310 arum
288 2258 376 2311 forma
397 2258 569 2328 perspicitur.
612 2275 683 2326 qnae
703 2258 842 2328 quomodo
861 2275 894 2313 ex
912 2257 963 2313 illa
980 2260 1042 2313 orta
1060 2256 1110 2322 sit,
1135 2257 1351 2312 luculentissime

188 2343 269 2411 primi
288 2345 342 2398 duo
360 2344 457 2414 hymni
477 2345 614 2400 Homerici
633 2345 741 2400 docent.
779 2363 843 2400 nam
863 2345 891 2399 in
910 2345 1030 2400 secundo
1047 2363 1073 2399 v.
1087 2346 1169 2412 resq.
1188 2347 1252 2415 post
1268 2344 1354 2400 inter·

184 2431 374 2500 rogationem:
400 2433 455 2492 πῶς
473 2435 499 2484 τ’
516 2433 549 2504 dp
566 2431 590 2485 α’
609 2432 727 2500 οἵμνήοως
752 2432 844 2487 brevis
870 2432 1027 2502 mythorum
1053 2430 1225 2486 enumeratio
1249 2430 1353 2486 voculis

185 2517 270 2586 ἤ-οἴ
284 2521 344 2583 eta,
363 2518 454 2586 qualis
473 2519 503 2573 in
521 2519 635 2574 Pindari
654 2519 757 2589 hymno
776 2522 818 2574 est
836 2521 991 2588 (comparet
1008 2518 1076 2574 haec
1089 2518 1174 2573 etiam
1187 2517 1280 2588 Bergk
1289 2518 1352 2572 hist.

184 2603 239 2657 litt.
259 2604 358 2671 1756),
378 2603 516 2674 aequitum
536 2604 634 2674 quinto
653 2607 747 2660 autem
766 2607 784 2674 ἢ
801 2604 896 2659 statim
915 2605 1000 2674 longa
1017 2604 1068 2658 330
1087 2620 1213 2658 versuum
1229 2603 1353 2658 narratio

186 2689 347 2760 adiungitur
354 2713 361 2756 3
388 2692 416 2744 in
438 2692 526 2761 primo
546 2709 609 2747 vero
627 2691 730 2760 hymno
751 2709 775 2746 ν.
793 2692 825 2747 19
839 2710 878 2760 sq.
897 2694 959 2762 poet
977 2692 1075 2746 eadem
1094 2691 1179 2745 verba
1197 2690 1261 2761 ,meir
1278 2689 1303 2742 τ’
1319 2687 1353 2759 ἄρ

184 2777 207 2828 α’
218 2777 341 2846 aturricus
361 2781 544 2832 unctantem
565 2768 588 2846 ,ἢ
601 2777 639 2837 ὦς’
658 2778 770 2848 mythus
788 2776 955 2832 annectitur.
992 2779 1091 2830 neutro
1100 2775 1161 2830 loco
1171 2775 1353 2845 respondetur

185 2863 376 2934 interrogandi
395 2864 555 2933 particulis,
575 2865 622 2918 sed
640 2865 699 2933 ipse
717 2864 856 2928 narratio,
876 2879 947 2933 quae
966 2865 1008 2918 est
1025 2862 1148 2931 responsi
1164 2862 1233 2926 loco,
1254 2861 1292 2916 eis
1310 2861 1353 2915 in-

185 2949 302 3004 ducitur.
340 2950 415 3004 idem
435 2950 509 3004 cadit
526 2949 557 3005 in
576 2949 723 3004 formulam
745 2949 769 3016 ¹ly*
784 2951 831 3017 οἵα)
852 2950 898 3018 (cf.
917 2949 991 3003 Scut.
1010 2947 1090 3002 Herc.
1102 2951 1135 3016 1).
1173 2947 1352 3016 quamobrem

185 3053 239 3090 non
264 3035 334 3092 facio
359 3053 420 3090 cum
444 3035 565 3105 Bergkio
589 3035 664 3104 (hist.
683 3035 737 3090 litt.
757 3035 770 3089 Ι
791 3036 857 3090 1003
877 3036 941 3092 adu.
958 3035 1004 3096 85)
1034 3035 1079 3104 toia
1100 3034 1153 3094 μέν’
1179 3033 1268 3103 primo
1292 3033 1353 3087 loco

185 3121 303 3177 anteisse
322 3122 444 3178 censenti
463 3127 514 3176 aut
531 3122 563 3177 0.
574 3122 693 3176 Idfillero
710 3121 784 3190 (hist.
795 3121 851 3175 litt.
862 3121 876 3175 I
887 3121 945 3189 160)
963 3121 1006 3175 ita
1024 3119 1169 3174 termulam
1187 3118 1351 3188 explicanti:
1408 3184 1412 3191 Ι

185 3209 262 3275 ,tales
280 3209 396 3263 laminas
414 3226 555 3277 nunquam
576 3208 737 3272 videbimus,
756 3207 846 3276 qualis
854 3210 915 3262 erat
925 3208 983 3262 etc?
1002 3207 1076 3261 reete
1087 3203 1216 3274 thtling
1228 3207 1352 3259 extrema

183 3294 350 3364 theogoniae
369 3295 466 3350 verbu:
488 3299 540 3364 ,vir
559 3297 587 3348 di
605 3295 729 3362 γυναικοῖν
749 3293 826 3355 φῦλον
843 3293 945 3346 αἐἰοατε
1018 3291 1109 3354 μοῦσαι
1190 3291 1278 3362 κοῦραι
1295 3291 1353 3350 Διὸς

183 3383 311 3447 αἰγιόχοιο
337 3397 464 3435 eoearum
491 3381 632 3436 exordium
651 3381 771 3444 iudicat,
799 3379 845 3434 sed
864 3379 938 3448 quod
956 3378 1025 3432 haec
1043 3377 1101 3432 iere
1118 3376 1271 3447 supplenda
1290 3392 1352 3445 pro·

184 3465 276 3532 ponit:
303 3457 345 3540 ,qia
363 3469 437 3534 intpp
456 3508 477 3520 ..
490 3507 514 3520 ..
534 3467 574 3534 οἴη
592 3470 637 3534 ἔην
659 3471 814 3536 Νιόβη
833 3467 852 3533 d
869 3466 921 3534 οἴαχ’
940 3467 1007 3528 ete,
1027 3462 1052 3519 ei
1070 3479 1126 3517 non
1145 3463 1291 3528 assentior;
1316 3463 1351 3516 ad

184 3551 281 3620 hymni
308 3552 401 3620 potius
425 3551 454 3604 in
478 3552 636 3623 Apollinem
660 3552 744 3622 primi
771 3551 927 3619 exemplum
953 3547 1095 3604 exordium
1124 3548 1351 3602 conformandum

184 3637 239 3691 fuit
257 3637 407 3707 (Mutinensis
427 3674 476 3691 ...
494 3640 658 3699 Ἀπόλλωνος,
678 3678 683 3690 .
764 3636 818 3697 πῶς
835 3636 860 3689 τ’
878 3637 944 3707 ἄρας
961 3626 980 3703 ἧ
997 3634 1030 3695 ὦς
1047 3636 1113 3696 etc..
1133 3633 1150 3686 i.
1170 3649 1192 3687 θ.
1212 3634 1353 3688 Musarum

184 3723 387 3779 invocationem
415 3723 598 3792 interrogatio
622 3724 802 3792 sequebatur,
828 3721 872 3776 cui
891 3722 980 3791 prima
999 3720 1123 3774 namatio
1139 3717 1229 3774 verbis
1247 3708 1275 3788 ,d
1292 3721 1352 3787 οἴαχ’,

183 3810 290 3863 ceterae
310 3808 339 3876 ,οἷ
351 3809 403 3877 oi'vy'
423 3809 630 3864 adserebantur.
668 3807 872 3872 Hermesiauax,
893 3807 942 3877 qui
958 3808 1096 3872 κατάλογον
1106 3804 1353 3877 ἐροταοῖοανθοίοἰο

184 3894 249 3963 ‘obp
268 3897 324 3957 μέν’
343 3894 447 3964 incepit
465 3894 578 3963 (Athen.
590 3895 660 3949 XIII
671 3913 692 3950 c.
704 3895 748 3964 71)
765 3912 821 3950 non
839 3893 938 3950 debuit
954 3908 1064 3949 movere
1082 3890 1155 3945 viros
1167 3891 1269 3956 doctos,
1286 3908 1352 3945 nam

185 3980 208 4032 is
234 3980 346 4036 omnino
369 3981 422 4036 hoc
445 3981 566 4037 earmina
593 3998 719 4036 eoearum
745 3983 862 4036 formem
887 3979 993 4035 imitari
1011 3995 1067 4032 non
1085 3977 1206 4043 studuit,
1229 3994 1291 4032 cum
1311 3994 1352 4032 se·

185 4066 305 4120 cundum
333 4067 488 4137 exemplum
513 4067 602 4122 verbis
628 4069 667 4137 ,οὐ
684 4070 735 4138 μήν
754 4067 826 4120 osidl'
853 4065 1010 4131 induceret,
1034 4061 1149 4118 tertium
1174 4062 1263 4117 verbis
1281 4063 1352 4132 ,mal

181 4153 210 4203 dd
230 4153 287 4207 καῖ’,

1154 4240 1190 4294 ὁ*
