3244 4976
622 345 782 412 ·47

179 530 284 594 lierem
316 528 526 593 instrumento
560 529 750 592 accinentem
781 528 921 592 addebat
948 527 989 606 (r.
1015 529 1116 607 1305),
1148 527 1289 592 videlicet
1311 543 1350 591 ne

178 631 305 694 nimium
328 629 368 693 de
389 630 535 710 Aeschyli
557 630 712 709 dignitate
735 629 856 694 scurrili
888 629 949 691 ista
972 627 1077 692 fidium
1100 629 1276 692 imitatione
1297 628 1350 691 de·

181 729 331 793 traheret.
375 729 483 809 itaque
503 747 540 793 ex
565 747 639 793 voce
662 717 789 810 copore}
811 729 855 810 (v.
873 730 945 808 261)
968 729 1087 808 primae
1108 734 1259 811 quattuor
1281 727 1350 791 illa-

184 849 252 893 rum
275 831 386 908 avium,
408 846 503 912 quam
527 829 678 894 Wieseler
701 830 732 893 in
755 830 929 894 auletarum
952 847 1079 892 numero
1102 828 1207 906 habet,
1230 828 1350 892 tributa

179 947 235 1009 pro
266 928 438 994 certissimo
473 928 667 994 efficiendum
701 935 750 993 est
773 929 853 993 hanc
883 947 971 992 avem
1009 929 1115 992 tibiam
1149 937 1252 992 rostro
1289 946 1348 991 non

181 1029 326 1092 tenuisse.
371 1029 398 1092 si
420 1047 495 1092 aves
519 1029 589 1093 illae
620 1029 713 1109 pleno
741 1035 773 1093 66
795 1030 920 1106 integro
952 1030 1046 1093 choro
1073 1028 1296 1109 praecedentes
1317 1046 1352 1091 re

184 1147 256 1192 vera
278 1129 387 1192 musici
407 1127 544 1205 luerunt,
567 1136 741 1208 potuerunt
762 1128 903 1193 fidicines
927 1149 1003 1209 esse,
1027 1147 1119 1209 quam
1142 1129 1349 1210 suspicionem

180 1227 292 1292 Miller
321 1229 353 1308 (l.
377 1228 396 1291 l.
419 1247 449 1308 p.
475 1230 533 1293 136
555 1229 644 1306 666.)
668 1235 780 1292 movet.
824 1229 877 1303 (de
898 1228 1013 1293 fidibus
1036 1229 1066 1292 in
1097 1247 1129 1290 re
1151 1229 1293 1292 scaenica
1313 1225 1351 1292 cf.

181 1326 333 1391 Wieseler
368 1329 456 1392 (sort.
478 1327 568 1392 Stud.
604 1330 691 1410 1847,
721 1329 760 1407 Il,
790 1330 860 1393 erl.
905 1329 1018 1392 Miiller
1048 1328 1109 1391 11.
1133 1329 1201 1391 196.
1245 1327 1350 1405 Bergk

182 1427 520 1510 111661116111158).
565 1429 648 1508 quod
672 1428 778 1507 Bergk
811 1429 882 1492 hist.
906 1430 966 1494 litt.
998 1429 1124 1494 111157
1157 1446 1250 1492 uuum
1281 1426 1353 1491 tibi-

181 1527 279 1590 cinem
300 1546 399 1608 neque
421 1529 459 1591 ad
474 1527 558 1592 chori
581 1535 707 1594 cantum
729 1547 829 1611 neque
851 1530 892 1594 ad
915 1529 1017 1618 ψιλήν
1038 1525 1175 1612 αὔλησιν
1195 1528 1352 1593 6611661666

181 1632 213 1690 66
241 1627 337 1692 schol.
362 1646 447 1708 vesp.
470 1631 531 1693 586
572 1629 695 1692 6666161
727 1627 946 1710 ,brachylogia’
978 1630 1112 1710 quadam
1147 1647 1241 1692 unum
1271 1645 1349 1692 com·

181 1729 345 1790 memorari
376 1728 555 1808 contendit,
587 1735 619 1792 et
651 1731 843 1808 argumentis
876 1733 964 1792 caret
992 1727 1070 1792 haec
1099 1729 1201 1810 opinio
1231 1733 1350 1792 etcum

180 1827 367 1890 testimoniis
399 1845 493 1907 supra
516 1827 620 1892 allatis
642 1833 774 1910 pugnat.
818 1829 910 1892 immo
934 1829 1029 1892 tibiae
1053 1847 1112 1892 vox
1135 1829 1211 1892 satis
1234 1845 1348 1906 magna

183 1926 347 1990 videbatur
360 1928 453 1991 etiam
469 1929 501 1992 in
518 1927 607 1992 chori
623 1935 787 2007 concentu,
808 1946 874 1992 cum
893 1928 999 1992 fidium
1018 1929 1086 1992 soni
1105 1928 1348 1992 imbecillitatem

187 2029 303 2090 maiore
323 2027 602 2092 instrumentorum
625 2047 752 2092 numero
779 2046 981 2109 compensare
1003 2029 1150 2092 solerent.
1193 2045 1264 2090 nam
1285 2026 1351 2106 qui-

183 2127 238 2190 bus
262 2133 400 2191 veterum
431 2128 505 2192 locis
536 2128 675 2208 singulae
698 2129 838 2192 citharae
860 2129 961 2193 choris
984 2129 1142 2192 adhibitae
1166 2143 1349 2190 commemo-

181 2234 304 2304 rantur,
337 2244 495 2310 nuuquam
517 2228 555 2290 de
576 2229 712 2292 universi
736 2229 822 2292 chori
851 2233 944 2294 cantu
967 2217 1167 2307 cogitandum
1192 2233 1248 2290 est.
1292 2225 1348 2288 Od.

183 2331 211 2388 6
233 2330 292 2388 266
322 2326 519 2392 Deurodocus
552 2328 636 2394 solus
667 2330 763 2408 canit,
792 2329 867 2392 item
896 2327 1008 2401 αόιδός
1028 2328 1064 2392 ll.
1087 2334 1116 2391 Σ
1136 2331 1211 2408 664,
1241 2333 1269 2390 Σ
1290 2329 1366 2390 669,

9 2459 10 2466 .
76 2449 78 2453 ·
177 2443 256 2505 puer
277 2427 413 2507 psallens
429 2428 525 2491 linum
542 2428 636 2505 canit,
658 2429 754 2492 ceteri
778 2426 910 2510 ἰυγμούς
933 2435 1054 2492 tantum
1078 2427 1167 2510 quasi
1184 2425 1348 2506 ephymuia

181 2525 301 2590 addunt
323 2526 361 2590 ci.
384 2527 489 2606 Bergk
512 2528 584 2592 hist.
607 2528 668 2591 litt.
691 2527 705 2590 Ι
730 2527 820 2609 3626
849 2536 876 2592 Α
900 2532 958 2592 663
981 2534 1087 2592 autem
1110 2532 1141 2591 et
1161 2526 1266 2608 hymn.
1289 2523 1348 2606 Ap.

178 2625 270 2706 Pyth.
298 2631 329 2689 ll
361 2627 472 2692 Musae
501 2624 719 2709 α’μειβόμενὰι
749 2627 899 2708 Apollinis
929 2628 1067 2692 citharae
1095 2627 1255 2706 occinunt,
1286 2644 1347 2690 non

178 2727 293 2791 iunctis
316 2728 451 2793 vocibus.
495 2727 547 2792 ubi
569 2736 673 2792 autem
697 2728 804 2792 fidium
829 2745 924 2792 sonus
955 2745 1016 2790 non
1040 2727 1138 2790 solum
1172 2744 1241 2791 cum
1263 2725 1347 2789 chori

179 2833 281 2905 cantu,
304 2827 360 2892 sed
377 2827 470 2891 etiam
486 2845 555 2891 cum
575 2829 651 2891 tibia
664 2828 920 2908 coniungebatur,
936 2845 1034 2907 prope
1050 2826 1261 2890 necessarium
1280 2828 1347 2887 erat

179 2933 273 2991 aucto
292 2927 569 2992 instrumentorum
582 2946 711 2991 numero
729 2927 823 2991 tibiae
837 2928 970 2991 sonitum
982 2927 1086 3006 aliquo
1102 2926 1194 2990 modo
1210 2924 1348 3005 aequari.

177 3043 214 3089 eo
249 3027 344 3106 igitur
374 3027 501 3092 adducti
535 3046 657 3108 sumus,
692 3033 728 3090 ut
750 3025 910 3109 φόρμιγγα
940 3027 994 3089 καὶ
1016 3023 1133 3098 αὐλούς
1166 3026 1200 3088 Ο.
1220 3025 1248 3102 3,
1276 3027 1349 3087 866

186 3123 222 3188 Ο.
244 3127 273 3207 7,
299 3128 335 3190 12
357 3146 417 3191 non
441 3127 592 3191 citharam
614 3145 681 3191 cum
706 3127 799 3207 tibiis,
825 3128 878 3192 sed
907 3127 1042 3191 citharas
1064 3145 1133 3191 cum
1156 3125 1234 3188 tibia
1254 3125 1351 3187 inter-

177 3231 336 3303 pretemur
363 3232 395 3291 et
416 3226 543 3291 Pindari
575 3227 713 3307 epiniciis
746 3227 893 3291 canendis
916 3228 1052 3306 singulos
1086 3227 1195 3308 cuique
1225 3224 1348 3288 6616666

176 3325 307 3389 61161666
330 3327 501 3404 credamur,
533 3327 703 3407 complures
733 3332 839 3390 autem
869 3327 1065 3402 citharistam
1095 3326 1153 3389 nisi
1175 3324 1266 3388 malis
1285 3329 1349 3388 sta·

176 3431 266 3489 tuere
283 3426 368 3504 ipsos
379 3432 528 3490 canentes
542 3426 698 3489 interdum
714 3425 805 3488 simul
822 3431 853 3488 et
872 3425 1005 3508 saltasse
1017 3432 1049 3489 66
1059 3425 1172 3490 fidibus
1191 3425 1348 3488 cecinisse.

262 3525 309 3589 hd
336 3527 436 3606 ipsum
460 3523 544 3589 chori
568 3530 693 3588 cantum
719 3530 856 3588 transeo.
902 3525 1016 3589 etenim
1039 3525 1217 3606 quaeritur,
1242 3530 1348 3588 utrum

179 3623 218 3686 ab
240 3625 383 3688 universo
407 3625 502 3689 choro
534 3630 602 3689 tota
624 3625 762 3688 carmina
784 3630 912 3687 cantata
936 3641 993 3702 an,
1025 3626 1112 3687 6616
1137 3624 1239 3687 choris
1263 3641 1350 3686 scae·

179 3724 272 3802 61616,
302 3725 397 3788 661166
431 3723 595 3804 coryphaei
625 3741 698 3787 voce
720 3723 825 3802 aliqua
849 3723 972 3803 prolata
995 3725 1068 3788 sint.
1111 3725 1197 3786 cuius
1220 3722 1351 3786 cauendi

182 3823 265 3886 modi
296 3826 390 3888 etiam
423 3824 636 3887 testimonium
676 3828 801 3886 exstare
829 3829 951 3903 putant.
1003 3824 1033 3886 in
1063 3823 1197 3902 Mergeri
1228 3823 1353 3906 quidem

182 3924 410 3986 commentario
443 3923 481 3985 ad
512 3921 599 3986 Pind.
627 3919 661 3985 P.
692 3927 704 3982 l
737 3938 767 4000 p.
796 3925 833 3983 76
865 3922 979 4002 legitur
1006 3923 1120 4003 primos
1151 3923 1229 3986 duos
1260 3922 1353 3987 huius

180 4023 260 4086 odae
290 4040 400 4086 versus
428 4041 445 4085 a
470 4021 535 4085 solo
559 4020 732 4102 coryphaeo
755 4025 900 4085 cantatos
922 4039 1008 4098 esse3
1042 4041 1112 4086 nam
1137 4024 1167 4085 16
1191 4041 1226 4086 66
1251 4022 1354 4086 codice

166 4122 212 4186 ab
242 4121 417 4186 Athanasio
438 4120 591 4186 Kirchero
622 4121 770 4199 invento,
801 4120 852 4200 qui
882 4127 976 4186 nolae
1002 4123 1136 4186 musicas
1160 4121 1250 4185 huius
1273 4122 1352 4186 initii
