3244 4976
836 338 877 404 66

278 541 339 587 non
370 522 487 587 minimi
517 521 667 586 momenti
699 527 756 584 est.
815 519 897 583 mele
926 517 1032 598 Bergk
1061 518 1145 601 (hist.
1167 517 1229 585 litt.
1250 538 1297 601 gr.
1321 521 1350 585 ll
1369 520 1441 604 366)

277 625 453 704 suspicatur
472 622 657 687 Simonidem
681 620 803 684 demum
824 619 962 700 coepisse
981 619 1121 699 mythnm
1142 619 1272 700 epinicio
1293 621 1441 700 inserere,

276 725 391 790 scholio
413 722 604 788 futtilissimo
627 721 668 784 ad
692 721 779 784 Pind.
800 721 836 785 N.
856 720 936 797 4,60
957 723 1052 785 nisus,
1096 721 1202 785 divina
1224 721 1332 800 utique
1352 726 1440 784 vetu-

275 825 373 888 stiora
402 821 525 905 sunt¹)‚
555 822 766 901 quaerendum
797 821 903 900 potius
934 825 1019 901 erat,
1050 821 1192 900 quisnam
1221 821 1340 902 primus
1369 839 1439 888 cum

274 923 399 988 deorum
428 922 521 986 lande
549 922 647 1002 ipsam
677 920 835 984 hominum
863 918 987 984 laudern
1019 920 1125 984 verbis
1157 937 1336 1000 expressam
1367 937 1438 984 con-

274 1024 442 1098 texuisset3
478 1039 570 1103 quarn
600 1026 694 1083 antea
724 1020 754 1083 in
784 1020 915 1084 deorum
947 1018 994 1082 vel
1023 1018 1152 1083 heroum
1174 1019 1268 1084 laude
1290 1019 1439 1103 quodam-

272 1123 363 1187 modo
394 1120 543 1186 latentem
573 1119 754 1183 audiebant.
804 1118 1004 1199 quamobrem
1035 1137 1073 1182 ne
1101 1119 1159 1182 hoc
1187 1118 1312 1202 quidem
1342 1119 1436 1198 Leop.

272 1221 443 1288 Schmidtio
465 1219 636 1285 concedere
658 1217 748 1282 velim
773 1217 940 1283 Pindarum
962 1219 1095 1300 primum
1118 1219 1276 1300 effecisse,
1298 1224 1335 1284 ut
1357 1220 1438 1282 inter

272 1322 410 1404 mythum
433 1327 465 1385 et
486 1319 611 1384 victoris
633 1336 684 1382 res
707 1321 788 1382 ratio
812 1317 964 1399 quaedam
985 1319 1202 1384 intercederet.
1248 1337 1319 1382 nam
1341 1319 1437 1383 tacita

270 1422 424 1503 quaedam
457 1419 649 1500 comparatio
677 1419 849 1499 antiquitus
874 1418 979 1500 mytho
1000 1419 1119 1498 inerat,
1148 1421 1255 1501 itaque
1279 1424 1436 1499 exspecta·

270 1523 380 1599 batur,
403 1520 523 1584 etiamsi
547 1538 607 1582 non
630 1517 750 1598 verbis,
775 1525 810 1582 ut
832 1517 868 1582 Ρ.
888 1520 926 1599 6,
950 1518 1089 1584 indicata
1112 1525 1189 1584 erat.
1244 1520 1298 1583 sed
1322 1518 1352 1582 id
1374 1517 1436 1582 sor-

270 1629 354 1686 tasse
382 1619 511 1684 Pindari
540 1619 699 1682 inventum
731 1623 796 1698 cst,
826 1617 909 1701 quod
939 1637 999 1682 non
1027 1619 1085 1682 soli
1116 1619 1266 1683 victoriae
1297 1619 1433 1683 divinum

268 1720 440 1802 exemplum
470 1718 637 1782 adhibetur
666 1717 713 1800 (ut
736 1717 806 1782 J.1
839 1719 871 1780 in
900 1717 1043 1784 Castorei
1072 1719 1186 1782 veteris
1216 1718 1347 1798 effigie),
1379 1718 1434 1782 sed

267 1839 361 1902 saepe
392 1837 458 1884 cum
490 1824 596 1883 cetera
619 1818 748 1881 victoris
771 1818 836 1881 vita
859 1817 907 1881 vel
929 1819 1052 1898 patriae
1076 1819 1142 1882 eius
1166 1818 1258 1883 rebus
1280 1818 1435 1883 subtiliter

266 1919 445 1999 excogitata
467 1917 666 1982 necessitudo
687 1917 794 1996 mytho
818 1917 986 1982 intercedit
1009 1916 1057 2000 (ut
1078 1919 1138 1982 iam
1161 1919 1193 1982 in
1212 1918 1434 1998 antiquissimo

265 2021 401 2085 carmine
437 2019 472 2083 P.
502 2019 540 2082 lc
575 2016 851 2098 Hyperboreorum
886 2017 951 2082 vita
986 2017 1189 2084 describenda
1224 2019 1351 2083 victoris
1385 2018 1431 2080 vel

244 2105 401 2184 *familiae
423 2121 489 2184 eius
513 2117 637 2182 beatam
659 2117 870 2180 condicionem
890 2117 1065 2198 significare
1086 2118 1230 2200 videtur).
1274 2119 1312 2182 de
1331 2119 1431 2182 Simo-

264 2219 344 2291 nidis
374 2219 501 2301 quidem
530 2215 645 2296 mythis
676 2234 738 2279 unc
763 2215 947 2292 Quintiliani
975 2217 1042 2282 loco
1073 2221 1135 2300 (ll,
1159 2220 1319 2299 2‚·11sq.)
1348 2235 1431 2281 com-

263 2319 420 2398 perimus:
441 2335 520 2398 ‘cum
542 2315 639 2397 pugili
662 2322 812 2379 coronato
834 2334 967 2397 carmon,
989 2318 1081 2399 quale
1100 2318 1240 2399 componi
1256 2318 1429 2382 victoribus

263 2418 353 2496 solet,
468 2416 657 2497 scripsisset,
774 2415 933 2494 digressus
957 2419 989 2482 iu
1011 2417 1120 2482 landes
1143 2417 1284 2482 Castoris
1307 2425 1339 2480 et
1363 2417 1430 2480 Pol-

261 2517 337 2581 lucis
363 2517 489 2582 exierat.
623 2525 672 2582 est
698 2521 803 2580 autem
832 2516 1002 2598 dissensio,
1036 2518 1192 2582 Glaucone
1220 2518 1363 2599 Carystio
1387 2537 1426 2582 an

261 2617 404 2682 Leocrati
427 2635 469 2680 an
490 2617 690 2698 Agatharcho
713 2635 751 2680 an
775 2615 895 2697 Scopae
917 2618 1066 2697 scriptum
1091 2619 1133 2681 sit
1156 2617 1186 2680 id
1211 2637 1335 2683 carmen
1359 2621 1430 2685 etc?

260 2717 340 2781 unde
358 2717 501 2800 sequitur
519 2717 704 2797 compluries
720 2716 908 2780 Simonidem
927 2717 958 2779 in
977 2716 1092 2796 pugilis
1109 2717 1254 2782 laudibus
1269 2718 1425 2784 Pollucem

258 2817 328 2893 πύξ
348 2816 481 2898 ἀγαθόν
503 2817 694 2893 celebrasse3
726 2817 809 2899 quod
839 2816 878 2879 ad
907 2817 996 2896 prius
1026 2816 1102 2880 illud
1128 2817 1303 2897 mythorum
1327 2838 1427 2898 genus

257 2919 404 2998 pertinet.
456 2917 550 2980 istam
583 2916 621 2980 de
650 2923 766 2997 negata
797 2917 936 2980 mercede
966 2915 1162 2980 historiolam
1192 2924 1308 2982 temere
1330 2920 1426 2985 inter-

256 3023 380 3099 pretem
409 3023 445 3081 ut
469 3017 626 3094 solebant,
660 3017 700 3079 ad
721 3035 814 3079 unum
838 3016 1010 3080 alterumve
1032 3016 1143 3080 horum
1166 3019 1337 3083 carminum
1361 3026 1426 3084 tra-

225 3123 226 3128 ’
255 3117 388 3193 hehant;
414 3133 506 3197 quam
531 3122 656 3194 temere,
679 3114 827 3178 carminis
849 3115 880 3177 in
904 3115 1057 3179 Glaucum
1081 3117 1188 3196 scripti
1210 3116 1422 3197 fragmentum

256 3216 327 3299 (frg.
351 3222 370 3280 S
393 3214 510 3296 Bergk)
542 3215 651 3291 docet,
687 3213 740 3277 ubi
770 3214 879 3279 Pollux
911 3215 1030 3280 Glauco
1065 3217 1165 3296 impar
1197 3236 1267 3282 asse
1299 3219 1423 3284 dicitur.

254 3317 361 3381 eadem
393 3317 553 3379 temeritas
582 3313 744 3377 historiam
768 3314 805 3377 de
829 3313 965 3378 Corinna
987 3315 1123 3395 pueriles
1146 3316 1271 3381 Pindari
1294 3326 1425 3383 conatus

254 3417 418 3480 deridente
459 3413 499 3478 ad
541 3413 688 3495 hymnum
732 3414 863 3494 primurn
907 3415 1066 3496 retulit²)‚
1110 3416 1201 3496 plane
1237 3417 1344 3481 eadem
1381 3419 1422 3482 ad

322 3606 347 3674 1)
366 3621 508 3673 nunqnam
527 3601 628 3671 Scopas
647 3602 690 3657 vel
708 3601 832 3670 quisquis
851 3605 913 3656 erat
930 3602 961 3655 in
981 3619 1013 3656 eo
1034 3601 1157 3667 offendit,
1177 3604 1251 3672 quod
1271 3603 1426 3660 Simonides

251 3690 446 3747 Dioscurcrum
467 3688 577 3744 laudem
597 3705 658 3742 cum
679 3705 728 3740 soa
741 3691 898 3743 conecteret
917 3689 980 3754 (Cic.
992 3690 1025 3742 de
1038 3707 1076 3743 or.
1090 3691 1205 3758 11352);
1225 3708 1310 3758 quam
1320 3691 1424 3744 nullius

250 3777 333 3846 pretii
350 3777 418 3848 haec
436 3773 582 3830 historiola
600 3775 651 3840 sit,
679 3773 721 3827 vel
741 3773 801 3845 ipsa
820 3779 964 3831 auctorum
983 3776 1017 3831 de
1037 3777 1098 3830 loco
1118 3779 1147 3831 et
1164 3793 1281 3846 persona
1299 3777 1420 3832 maxima

249 3861 381 3917 dissensio
399 3861 503 3930 (Quinc.
523 3862 563 3924 11,
584 3861 607 3926 2,
629 3863 655 3913 ll
672 3861 723 3929 sq.)
743 3860 831 3916 dccet.

319 3951 344 4008 2)
365 3966 419 4002 non
439 3948 518 4002 video
538 3946 676 4000 monuisse
695 3964 871 4014 quemqnam,
890 3965 972 4016 quern
989 3948 1251 4004 malehccfecerint
1263 3949 1298 4020 (v.
1312 3951 1421 4004 Boeclrh

247 4035 299 4104 frg.
320 4040 352 4103 5;
385 4033 575 4088 Schneidewin
601 4033 631 4086 in
656 4033 698 4086 ed.
723 4034 830 4088 Disseni
856 4034 907 4086 vol.
929 4033 942 4086 Ι
966 4051 991 4101 p.
1011 4033 1166 4104 LXXXIV;
1194 4035 1275 4103 Leop.
1295 4035 1422 4089 Schmidt

246 4122 311 4175 libri
331 4121 365 4174 de
383 4121 462 4174 Pind.
481 4119 576 4183 initio;
597 4119 715 4174 Leutach
734 4119 834 4174 Philol.
845 4120 884 4174 Xl
897 4121 946 4175 176
956 4138 996 4189 sq.
1003 4141 1010 4183 ;
1031 4120 1139 4190 Merger
1149 4139 1174 4191 p.
1185 4123 1220 4189 8).
1259 4125 1292 4175 ut
1307 4125 1421 4188 taceam,
