3244 4976
836 367 856 430 h

262 549 361 614 menti
389 567 465 612 sono
500 566 603 631 neque
637 546 832 628 homophoua
865 564 989 626 semper
1021 563 1120 628 neque
1149 546 1323 630 antiphona
1353 548 1383 632 (ἰ.
1407 569 1432 614 e.

263 655 394 713 octavae
418 666 500 729 quae
522 649 637 714 dicitur
658 648 825 712 intervallo
849 645 988 726 diversa)
1009 651 1087 725 erat,
1108 647 1162 712 sed
1178 648 1240 710 iam
1253 647 1430 729 Terpandri

265 748 457 829 temporibus
490 748 733 829 heterophoniae
763 746 845 809 ratio
877 746 960 809 inter
989 764 1095 810 vocem
1128 753 1161 810 et
1188 748 1428 812 instrumentum

264 847 476 912 intercedebat
512 845 562 928 (cf.
588 846 700 911 llossb.
728 843 870 926 Westph.
899 845 990 910 Metr.
1014 847 1056 910 11³
1077 849 1113 912 31
1136 843 1206 930 ευ.)
1258 847 1430 930 Westphali

263 948 464 1028 argumentis
489 946 603 1027 quibus
625 945 705 1010 hanc
726 945 983 1027 heterophoniam
1004 946 1129 1026 probat,
1153 965 1242 1011 nemo
1262 947 1354 1011 hodie
1370 967 1428 1012 non

264 1049 452 1128 assentitur;
482 1065 578 1110 unum
610 1045 683 1109 addi
712 1052 819 1125 potest
847 1044 1048 1127 philosophos
1079 1063 1139 1110 non
1170 1053 1235 1111 tam
1265 1055 1379 1128 argute
1399 1049 1430 1112 in

265 1153 414 1212 naturam
437 1151 604 1210 concentus
627 1145 756 1209 duorum
778 1163 927 1209 sonorum
946 1145 1041 1208 uariis
1061 1146 1234 1210 intervallis
1247 1147 1430 1212 distantium

264 1247 467 1328 inquisituros
490 1246 603 1336 luisse,¹
620 1246 679 1309 nisi
701 1245 888 1309 musicorum
913 1262 986 1309 usus
1012 1244 1067 1308 hos
1086 1251 1254 1310 concentus
1272 1247 1430 1311 hominum

265 1346 392 1411 auribus
415 1344 622 1426 praebuisset.
664 1343 719 1408 sed
741 1362 780 1408 ne
797 1345 878 1409 hauc
896 1345 1019 1425 quidem
1035 1343 1287 1426 heterophoniam
1308 1347 1430 1412 duabus

266 1446 405 1510 eiusdem
437 1445 526 1527 quasi
554 1443 702 1526 ponderis
732 1445 860 1509 vocibus
889 1443 1030 1509 effectam
1060 1462 1145 1522 esse,
1181 1445 1235 1510 sed
1265 1447 1306 1510 ad
1335 1466 1430 1512 unum

265 1546 361 1626 μέλος
384 1545 515 1609 alterius
537 1545 620 1609 vocis
639 1544 724 1608 sonis
743 1545 783 1608 ad
795 1544 958 1608 arbitrium
971 1544 1192 1608 accedentibus
1214 1547 1254 1626 (v.
1268 1546 1431 1612 Guhrauer

266 1663 296 1725 p.
318 1645 389 1726 178)
418 1646 467 1709 vel
493 1645 560 1726 ipso
587 1644 731 1708 Platonis
753 1643 820 1708 loco
848 1644 919 1728 (leg.
944 1645 1000 1710 Vll
1018 1645 1109 1726 att),
1139 1647 1190 1726 qui
1213 1648 1430 1728 gravissimum

267 1745 304 1808 de
333 1744 555 1828 heterophonia
588 1745 801 1808 testimonium
823 1745 980 1826 continet,
1010 1745 1162 1809 docemur.
1212 1747 1264 1828 qui
1286 1747 1429 1827 quamvis

268 1844 420 1910 obscurus
449 1843 539 1928 sit¹)‚
567 1863 606 1909 ex
636 1844 696 1908 illis
724 1849 828 1908 tamen
854 1845 973 1909 verbis:
1003 1841 1099 1927 ‘data
1119 1847 1243 1926 parca*
1264 1849 1431 1930 balneolo>

266 1944 393 2027 χορδῶν
414 1943 533 2023 ἱεισῶν,
563 1939 648 2007 άλλα
675 1944 712 2006 δὲ
735 1947 795 2007 τοῦ
814 1945 875 2029 τήν
897 1945 1061 2026 μελῳδίαν
1084 1949 1261 2020 ξυνθέντος
1281 1948 1432 2028 ποιητοῦ’

267 2045 369 2109 elucet
390 2063 451 2108 non
475 2045 534 2108 nisi
556 2044 744 2108 alterutram
769 2063 875 2109 vocem
897 2063 916 2108 a
937 2053 1029 2125 poeta
1050 2047 1208 2110 inventam
1230 2046 1323 2127 fingi,
1348 2048 1429 2128 quod

266 2145 335 2210 fieri
358 2163 419 2208 non
441 2148 568 2224 poterat
591 2144 621 2207 in
644 2163 718 2209 vero
741 2144 893 2226 colloquio
915 2145 1047 2208 duarum
1068 2164 1190 2226 vocum,
1213 2146 1304 2228 quale
1326 2147 1432 2211 West-

266 2245 340 2326 phal
362 2243 421 2327 (11³
435 2243 490 2323 43)
514 2242 636 2308 statuit.

352 2362 418 2426 lam
446 2359 607 2424 videamus
636 2361 675 2423 de
700 2359 899 2442 polyphonia.
943 2361 974 2423 iu
993 2359 1154 2424 Plutarchi
1184 2361 1237 2444 qui
1267 2359 1367 2427 fertur
1395 2364 1433 2427 de

269 2462 388 2526 musica
419 2460 523 2526 libello
553 2479 579 2525 c.
600 2461 640 2524 aa
670 2459 717 2522 hic
747 2458 831 2522 locus
865 2464 984 2523 exstat:
1022 2462 1139 2533 Λᾶσος
1167 2464 1208 2544 τῇ
1234 2464 1300 2525 τῶν
1325 2463 1435 2526 αὐλῶν

268 2561 464 2646 πολυφωνίᾳ
492 2559 783 2641 κατακολουθήσας
811 2557 945 2622 πλείοσί
969 2581 1006 2620 τε
1034 2557 1190 2641 φθόγγοις
1214 2561 1268 2624 καὶ
1295 2562 1434 2645 διερριμ-

266 2674 375 2744 μένοις
407 2660 612 2744 χρησάμενος
642 2657 687 2732 εἰς
721 2657 908 2739 μετάθεσιν
936 2658 996 2742 τήν
1025 2659 1308 2741 προϋπάρχουσαν
1336 2658 1434 2746 ἤγαγε

267 2753 437 2845 μουσικήν,
467 2779 559 2841 quem
581 2758 742 2838 Westphal
764 2757 823 2838 (11⁸
842 2758 894 2839 37)
916 2759 961 2821 ita
985 2759 1152 2822 vernacula
1180 2760 1285 2840 lingua
1308 2763 1431 2826 reddit:

266 2864 375 2944 ‘Lasos
403 2861 459 2924 hat
487 2860 536 2924 die
565 2855 754 2940 griechisehe
776 2857 881 2921 Musilr
909 2856 1066 2937 beztglich
1094 2857 1148 2922 der
1170 2854 1357 2940 Begleitung
1378 2859 1436 2924 auf

267 2964 355 3028 einen
378 2979 478 3026 neuen
502 2957 704 3041 Staudpunht
726 2957 892 3038 gebracht,
915 2956 1019 3020 indam
1042 2975 1077 3020 er
1099 2957 1147 3021 die
1169 2957 1357 3038 Begleitung
1378 2959 1433 3024 des

268 3060 429 3143 Gesanges
467 3059 562 3123 durch
594 3060 662 3122 eine
689 3057 882 3138 Polyphonie
913 3057 956 3141 (d.
982 3059 1000 3122 i.
1030 3057 1337 3142 Mehrstimmigkeit)
1375 3059 1431 3123 der

267 3161 357 3225 Auloi
385 3179 442 3224 zur
469 3158 672 3238 Ausldhrung
700 3157 832 3222 brachte
861 3158 925 3222 und
954 3157 1095 3222 mehrere
1116 3157 1240 3238 Kltuge
1261 3158 1360 3238 (mehr
1384 3159 1432 3223 als

267 3261 340 3324 zuei
363 3257 498 3342 Kltnge)
522 3258 587 3322 und
609 3276 693 3322 zuar
715 3257 1064 3336 auseinanderliegende
1083 3251 1203 3337 Kliinge
1225 3277 1282 3322 zur
1298 3259 1433 3323 huwen-

268 3361 355 3441 dung
377 3360 524 3425 brachte'.
571 3377 664 3443 quam
686 3376 835 3439 perverse
855 3359 1115 3421 κατακολουθεῖν
1138 3359 1355 3439 explicaverit,
1376 3379 1433 3441 per

267 3477 300 3524 se
322 3466 413 3541 patet
432 3466 464 3524 et
482 3460 696 3524 aGuhrauero
715 3463 800 3522 reete
817 3463 970 3523 monetur.
1012 3457 1211 3521 α’κολουθεϊν
1226 3459 1257 3522 in
1270 3457 1433 3523 Plutarchi

267 3559 369 3625 libello
388 3559 436 3623 bis
453 3557 619 3642 ‘audiendo
636 3558 735 3641 sequi’
757 3555 913 3637 significat
934 3557 1034 3637 (343.
1055 3558 1142 3639 35,4.
1164 3559 1201 3624 cl.
1217 3558 1295 3640 35‚h
1314 3562 1434 3641 πορεία

338 3763 364 3829 1)
392 3763 534 3817 obscurum
561 3779 618 3818 asse
643 3766 717 3818 rocta
734 3763 840 3818 iudicat
858 3763 975 3817 Ambros
995 3781 1027 3816 ac
1047 3764 1144 3817 mirum
1166 3768 1221 3828 est,
1249 3764 1323 3832 quod
1341 3763 1431 3818 West-

267 3848 338 3917 phal
355 3848 478 3918 (112109)
498 3867 559 3904 cum
579 3850 727 3906 Sahellarii
745 3849 973 3919 interpretatione
992 3849 1040 3918 (ib,
1060 3870 1085 3918 p.
1099 3849 1243 3918 roa-109)
1262 3850 1345 3918 plane
1362 3852 1431 3905 dilu-

266 3935 357 3988 cidum
382 3935 485 3989 lactum
510 3954 568 3991 assa
593 3937 668 3992 dicit.
709 3955 773 3992 nam
800 3954 889 4006 nequa
912 3936 974 4000 illa,
1000 3953 1062 3990 oum
1088 3937 1229 3998 ἀντίφωνον
1253 3938 1282 3990 in
1308 3939 1433 4000 διάφωνον

265 4023 396 4086 mutaret,
415 4022 483 4091 quid
502 4022 656 4092 significare
676 4026 814 4079 crederet:
833 4012 979 4090 πυκνότητα
994 4027 1119 4090 μανότητι
1137 4023 1181 4076 vel
1197 4026 1277 4090 τάχος
1286 4025 1431 4094 βραδυτῆτι

265 4107 399 4170 διάφωνον,
422 4109 570 4175 indicavit,
593 4127 683 4178 neque
708 4127 764 4179 qua
785 4110 894 4164 ratione
912 4109 942 4162 in
961 4107 1024 4181 ψιλῇ
1042 4111 1169 4180 κιθαρίσει
1187 4109 1351 4164 chordarum
1370 4112 1433 4180 prta,

265 4196 294 4249 et
314 4196 414 4264 poetae
431 4197 496 4266 μέλη
513 4195 589 4252 inter
606 4212 634 4251 aa
653 4197 757 4268 opponi
777 4200 896 4268 possent,
914 4193 1069 4267 explicavit.
