3244 4976
855 354 895 420 76

290 537 416 602 minime
437 535 582 601 convenit
608 551 680 598 cum
707 532 768 612 eis,
798 548 881 615 quaa
902 548 927 595 c.
952 531 990 596 19
1020 529 1057 593 da
1085 531 1212 596 musicis
1233 537 1455 604 vetustissimis

290 637 470 701 traduntur.
517 633 570 697 ubi
608 630 833 713 heterophonia
868 632 928 694 iam
962 630 1137 709 Terpandri
1174 635 1273 698 aetati
1305 638 1456 706 tribuitur

290 734 444 817 (Wcstph.
471 735 517 798 ΙΙ8
539 734 588 798 31.
604 732 666 810 36).
702 749 727 794 c.
755 735 848 809 lsssq.
886 730 1042 809 integram
1066 729 1243 796 Aristoxeni
1266 740 1456 806 seutentiam

290 833 400 899 referri
420 829 697 911 censctWestphal
718 830 779 896 led.
794 828 876 893 Plut.
895 829 932 892 de
951 847 1029 892 mus,
1045 828 1164 910 praet),
1188 849 1213 894 c.
1234 837 1273 897 28
1282 853 1327 915 sq.
1349 846 1454 905 autem

291 933 390 998 medio
413 933 535 998 cuidam
556 929 677 995 auctori
708 929 794 1013 (fort.
818 929 968 1010 Dionysio
991 927 1104 1011 Halia.)
1132 931 1240 996 deberi
1271 937 1457 1024 suspicatur,

291 1033 343 1114 qni
367 1033 572 1097 Aristoxeneu
592 1047 654 1093 noo
683 1046 763 1109 pura
791 1028 933 1092 servarit
974 1047 1053 1110 quae
1082 1034 1238 1098 sententia
1264 1045 1458 1122 quantopere

290 1133 335 1197 eis
363 1131 582 1207 confirmetur,
619 1147 700 1210 quae
730 1127 769 1192 de
800 1127 982 1208 Terpandro
1015 1133 1147 1212 utroque
1178 1131 1246 1198 loco
1278 1138 1457 1225 traduntur,

291 1232 431 1297 breviter
446 1247 606 1311 exponam.
645 1227 682 1291 de
700 1226 921 1308 polychordiae
939 1233 1097 1293 vetustate
1108 1230 1328 1300 Aristoxenum
1345 1243 1457 1307 ceteris

290 1332 421 1396 meliora
452 1329 595 1394 edoctum
627 1345 696 1393 esse
728 1344 824 1409 supra
856 1326 998 1393 vidimus.
1048 1347 1198 1409 perversa
1227 1333 1322 1414 vulgo
1352 1339 1459 1404 crede-

291 1432 410 1496 bantur
432 1429 472 1493 dc
494 1427 618 1493 chordis
639 1427 769 1506 singulis
792 1444 811 1490 a
834 1426 964 1507 singulis
986 1428 1131 1506 inventis,
1153 1449 1341 1513 quamquam
1363 1437 1458 1504 Asiae

293 1530 417 1613 populis
438 1531 499 1593 iarn
523 1529 575 1592 diu
594 1527 798 1608 plurimarum
820 1525 1007 1590 chordarum
1029 1527 1237 1595 instrumenta
1260 1534 1291 1596 in
1313 1554 1372 1600 usu
1394 1537 1459 1603 iue-

292 1636 376 1695 runt.
428 1647 505 1694 sana
534 1627 621 1692 solus
648 1627 852 1692 Aristoxenus
884 1626 979 1710 (Plut.
1007 1645 1032 1692 c.
1057 1630 1104 1694 18.
1123 1631 1174 1711 19)
1203 1631 1316 1712 refert,
1344 1637 1462 1703 scilicet

292 1748 353 1794 non
383 1728 545 1808 ignorasse
577 1725 791 1808 Terpandrum
824 1730 857 1790 et
889 1725 1051 1808 Olympum
1085 1730 1191 1808 plures
1221 1730 1372 1814 chordas,
1404 1738 1460 1802 sed

292 1827 433 1894 consulto
457 1828 565 1909 paucis
594 1845 628 1892 se
650 1826 858 1902 continuisse;
894 1825 983 1891 addit
1011 1827 1058 1891 his
1080 1830 1286 1896 Aristoxenus
1308 1835 1460 1915 quosdam

292 1947 386 1994 sonos
408 1930 438 1992 in
462 1928 528 1992 solo
550 1932 644 1992 cantu
669 1926 769 2007 (xoret
789 1925 829 1990 ro*
850 1925 958 2007 μέλος)
980 1925 1021 1990 ab
1043 1927 1105 1991 illis
1126 1930 1257 1995 omissos
1280 1951 1363 2013 esse,
1389 1953 1459 2000 cum

291 2028 322 2092 in
344 2029 561 2093 instrumentis
588 2027 690 2110 (acroi
711 2027 772 2114 τήν
792 2024 942 2108 κροῦσιν)
970 2043 1031 2090 non
1060 2028 1205 2094 vitarent.
1251 2030 1460 2100 infelicissime

292 2129 403 2208 capitis
432 2130 472 2193 28
503 2134 613 2193 auctor
642 2126 823 2191 huiusmodi
854 2127 1034 2190 memorium
1065 2145 1135 2191 cum
1164 2129 1283 2210 vulgari
1316 2134 1460 2214 opinione

292 2226 429 2292 conflare
453 2230 577 2293 studet:
608 2226 824 2309 εΤερπάνδρῳ
851 2225 912 2314 τήν
933 2224 1060 2310 Δώριον
1081 2226 1181 2315 νήτην
1209 2237 1461 2314 apogniacum,

291 2327 331 2392 ου’
357 2336 571 2411 χρησαμένων
591 2330 676 2411 αὐτῇ
698 2331 764 2391 τῶν
786 2331 982 2409 ἔμπροσθεν
1007 2329 1112 2390 aava
1134 2330 1180 2392 cd
1204 2331 1344 2411 palor,
1369 2335 1461 2414 quasi

293 2428 494 2493 inveniendus
517 2429 612 2493 fuerit
633 2446 739 2510 sonus,
762 2446 825 2510 quo
843 2427 929 2490 >carol
945 2426 1005 2514 τήν
1022 2429 1154 2508 κροῦσιν
1170 2430 1232 2493 iam
1248 2431 1293 2495 uti
1312 2432 1461 2498 solerent.

292 2527 376 2591 idem
399 2547 425 2593 c.
447 2533 486 2594 28
501 2548 548 2594 ex.
569 2535 642 2611 post
662 2529 779 2606 multa,
806 2545 886 2608 quae
909 2528 948 2593 dc
971 2527 1155 2592 Archilocho
1176 2527 1310 2593 fortasse
1333 2549 1370 2594 ex
1392 2533 1461 2596 Ari-

293 2632 421 2692 stoxeno
444 2629 593 2710 sumpsit,
615 2628 724 2693 ultima
745 2647 783 2692 ex
805 2626 928 2710 vulgari
949 2628 1094 2708 opinione
1114 2627 1213 2691 addit.
1256 2646 1336 2708 quac
1359 2629 1458 2710 Plato,

294 2743 399 2790 rerum
416 2745 567 2791 novarum
585 2728 696 2793 nimius
715 2747 796 2809 osor,
816 2727 1008 2808 repudiaret,
1030 2727 1195 2790 temerarie
1217 2726 1361 2791 solebant
1376 2730 1461 2792 omni

294 2827 393 2889 veteri
416 2827 554 2890 musicae
580 2826 774 2902 abiudicarc;
807 2826 853 2889 ita
874 2825 966 2902 iude,
995 2826 1077 2906 quod
1100 2826 1192 2890 Plato
1221 2828 1261 2890 ad
1291 2845 1461 2908 puerorum

293 2924 521 2991 iustitutionem
553 2926 738 3010 πρόςχορδα
763 2924 933 3010 κρούματα
961 2927 1114 3006 praefert,
1147 2931 1219 2991 orta
1247 2926 1371 2992 videtur
1400 2929 1463 2992 ista

293 3025 413 3104 opinio:
435 3026 510 3100 τούς
526 3027 680 3111 ἀρχαίους
698 3028 829 3103 πάντας
846 3028 1032 3111 πρόςχορδα
1053 3025 1189 3106 κρούειν.
1229 3033 1336 3090 utrum
1355 3027 1391 3104 is
1413 3028 1462 3091 cui

292 3123 368 3189 haec
396 3126 563 3209 debentur,
590 3128 810 3194 Archilochum
838 3129 1024 3209 Terpandro
1054 3126 1257 3190 vetustiorem
1286 3145 1327 3189 an
1357 3144 1462 3191 recen·

294 3225 404 3289 tiorcm
434 3224 531 3291 luisse
561 3229 727 3310 statuerit,
764 3230 916 3295 nescimus
924 3248 932 3303 ;
971 3245 1040 3292 cum
1074 3226 1253 3290 Aristoxeni
1284 3226 1462 3291 testimonio

294 3330 407 3388 neutra
429 3329 549 3391 ratione
571 3329 722 3392 convenit.
764 3330 795 3394 id
818 3333 924 3393 autem
942 3328 1001 3392 hoc
1022 3327 1091 3392 loco
1115 3326 1271 3403 discimus,
1294 3326 1462 3390 secundum

294 3424 454 3505 vulgarem
477 3429 652 3509 opinionem
677 3448 714 3494 eo
744 3431 809 3493 lere
832 3434 988 3509 tempore,
1017 3445 1087 3491 curn
1109 3425 1205 3507 lyrica
1233 3433 1323 3490 aetas
1345 3426 1464 3507 epicam

295 3533 494 3608 sequeretur,
526 3527 653 3595 desiisse
672 3536 784 3612 poetas
805 3529 881 3594 solis
903 3527 1074 3609 praeludiis
1096 3533 1129 3590 et
1154 3525 1331 3590 interludiis
1352 3526 1463 3589 carmi-

294 3642 368 3688 num
391 3632 499 3706 partes
521 3628 711 3710 distinguere
739 3635 772 3695 et
801 3629 944 3711 coepisse
967 3629 1245 3692 instrumentorum
1276 3642 1370 3688 sonos
1397 3642 1464 3689 cunr

295 3726 436 3790 canentis
458 3745 534 3791 voce
553 3728 693 3794 miscere.

378 3825 464 3892 Haec
483 3827 520 3892 de
544 3829 780 3909 praeludiorum
798 3833 968 3894 vetustate.
1006 3844 1086 3908 quae
1104 3844 1164 3890 non
1184 3825 1356 3903 evanuisse,
1379 3827 1466 3905 post-

296 3940 392 4006 quam
415 3925 482 3990 ono*
501 3927 561 4016 τήν
583 3927 670 4018 ᾠδήν
689 3928 815 4011 κροίειν
838 3932 1025 4012 coeperunt,
1056 3927 1254 3990 manifestum
1277 3929 1334 3988 est.
1377 3939 1466 4004 prae·

295 4022 382 4088 ludia
403 4032 545 4106 spectare
559 4029 704 4093 videntur
723 4029 851 4094 Pindari
876 4028 971 4092 verba
995 4027 1095 4107 P.1,A
1117 4021 1471 4109 (προοιμίωνᾰμβολαί

295 4122 417 4187 cithara
445 4126 621 4210 proditae),
650 4129 786 4210 σάματα
814 4130 912 4210 igitur
922 4127 1213 4210 ,2quihustparent
1240 4123 1364 4203 αόιδοί,
1394 4139 1463 4187 cnm
