<?xml version="1.0" encoding="UTF-8"?>
<!DOCTYPE html PUBLIC "-//W3C//DTD XHTML 1.0 Transitional//EN"
    "http://www.w3.org/TR/xhtml1/DTD/xhtml1-transitional.dtd">
<html xmlns="http://www.w3.org/1999/xhtml" xml:lang="en" lang="en">
 <head>
  <title>
</title>
<meta http-equiv="Content-Type" content="text/html;charset=utf-8" />
  <meta name='ocr-system' content='tesseract 3.04.00' />
  <meta name='ocr-capabilities' content='ocr_page ocr_carea ocr_par ocr_line ocrx_word'/>
</head>
<body>
  <div class='ocr_page' id='page_1' title='image "./degraecourmvete00grafgoog_0071.png"; bbox 0 0 3244 4976; ppageno 0'>
   <div class='ocr_carea' id='block_1_1' title="bbox 736 333 776 397">
    <p class='ocr_par' dir='ltr' id='par_1_1' title="bbox 736 333 776 397">
     <span class='ocr_line' id='line_1_1' title="bbox 736 333 776 397; baseline 0.025 -1"><span class='ocrx_word' id='word_1_1' title='bbox 736 333 776 397; x_wconf 90' lang='grc'><strong>63</strong></span> 
     </span>
    </p>
   </div>
   <div class='ocr_carea' id='block_1_2' title="bbox 173 510 1341 1892">
    <p class='ocr_par' dir='ltr' id='par_1_2' title="bbox 173 510 1341 1688">
     <span class='ocr_line' id='line_1_2' title="bbox 176 510 1338 593; baseline 0.005 -20"><span class='ocrx_word' id='word_1_2' title='bbox 176 510 288 592; x_wconf 85' lang='lat' dir='ltr'>hymno</span> <span class='ocrx_word' id='word_1_3' title='bbox 311 513 439 592; x_wconf 85' lang='lat' dir='ltr'><strong>cogitat.</strong></span> <span class='ocrx_word' id='word_1_4' title='bbox 478 512 770 592; x_wconf 87' lang='lat' dir='ltr'><strong>MezgerHeyniurn</strong></span> <span class='ocrx_word' id='word_1_5' title='bbox 790 511 941 591; x_wconf 84' lang='lat' dir='ltr'><strong>sequitur,</strong></span> <span class='ocrx_word' id='word_1_6' title='bbox 964 518 1047 576; x_wconf 89' lang='lat' dir='ltr'><strong>recte</strong></span> <span class='ocrx_word' id='word_1_7' title='bbox 1069 513 1187 593; x_wconf 87' lang='lat' dir='ltr'><strong>opinor.</strong></span> <span class='ocrx_word' id='word_1_8' title='bbox 1206 517 1338 580; x_wconf 87' lang='lat' dir='ltr'><strong>maxime</strong></span> 
     </span>
     <span class='ocr_line' id='line_1_3' title="bbox 173 609 1337 694; baseline 0.007 -22"><span class='ocrx_word' id='word_1_9' title='bbox 173 611 282 674; x_wconf 89' lang='lat' dir='ltr'><strong>verba:</strong></span> <span class='ocrx_word' id='word_1_10' title='bbox 305 612 446 693; x_wconf 70' lang='grc' dir='ltr'><strong>ιπρῶτον</strong></span> <span class='ocrx_word' id='word_1_11' title='bbox 460 648 501 658; x_wconf 92' lang='grc'>-</span> <span class='ocrx_word' id='word_1_12' title='bbox 516 611 640 675; x_wconf 73' lang='grc' dir='ltr'><strong><em>ἔπειτα</em></strong></span> <span class='ocrx_word' id='word_1_13' title='bbox 663 609 824 674; x_wconf 86' lang='lat' dir='ltr'><strong>offensioni</strong></span> <span class='ocrx_word' id='word_1_14' title='bbox 847 609 941 674; x_wconf 87' lang='lat' dir='ltr'><strong>fuisse</strong></span> <span class='ocrx_word' id='word_1_15' title='bbox 966 611 1111 676; x_wconf 85' lang='lat' dir='ltr'><strong>videntur</strong></span> <span class='ocrx_word' id='word_1_16' title='bbox 1130 615 1206 680; x_wconf 90' lang='lat' dir='ltr'><strong>viris</strong></span> <span class='ocrx_word' id='word_1_17' title='bbox 1228 615 1337 694; x_wconf 69' lang='lat' dir='ltr'><strong>doctis</strong></span> 
     </span>
     <span class='ocr_line' id='line_1_4' title="bbox 174 708 1336 794; baseline 0.005 -21"><span class='ocrx_word' id='word_1_18' title='bbox 174 710 288 792; x_wconf 86' lang='lat' dir='ltr'>quippe</span> <span class='ocrx_word' id='word_1_19' title='bbox 310 729 389 792; x_wconf 88' lang='lat' dir='ltr'><strong>quae</strong></span> <span class='ocrx_word' id='word_1_20' title='bbox 409 730 482 776; x_wconf 88' lang='lat' dir='ltr'><strong>vero</strong></span> <span class='ocrx_word' id='word_1_21' title='bbox 505 730 611 775; x_wconf 92' lang='lat' dir='ltr'><strong>rerum</strong></span> <span class='ocrx_word' id='word_1_22' title='bbox 632 710 732 775; x_wconf 90' lang='lat' dir='ltr'><strong>ordini</strong></span> <span class='ocrx_word' id='word_1_23' title='bbox 752 708 876 772; x_wconf 92' lang='lat' dir='ltr'><strong>minime</strong></span> <span class='ocrx_word' id='word_1_24' title='bbox 896 709 1131 790; x_wconf 80' lang='lat' dir='ltr'><strong>responderent.</strong></span> <span class='ocrx_word' id='word_1_25' title='bbox 1182 715 1258 794; x_wconf 91' lang='lat' dir='ltr'><strong>quid</strong></span> <span class='ocrx_word' id='word_1_26' title='bbox 1279 716 1336 779; x_wconf 93' lang='lat' dir='ltr'><strong>sihi</strong></span> 
     </span>
     <span class='ocr_line' id='line_1_5' title="bbox 175 807 1338 895; baseline 0.005 -22"><span class='ocrx_word' id='word_1_27' title='bbox 175 811 282 890; x_wconf 87' lang='lat' dir='ltr'><strong>velint,</strong></span> <span class='ocrx_word' id='word_1_28' title='bbox 301 813 355 892; x_wconf 85' lang='lat' dir='ltr'><strong>eia,</strong></span> <span class='ocrx_word' id='word_1_29' title='bbox 378 830 459 895; x_wconf 87' lang='lat' dir='ltr'><strong>quae</strong></span> <span class='ocrx_word' id='word_1_30' title='bbox 479 812 571 876; x_wconf 90' lang='lat' dir='ltr'><strong>mode</strong></span> <span class='ocrx_word' id='word_1_31' title='bbox 593 810 764 888; x_wconf 70' lang='lat' dir='ltr'><strong>attulimus</strong></span> <span class='ocrx_word' id='word_1_32' title='bbox 786 807 951 873; x_wconf 84' lang='lat' dir='ltr'><strong>dilucidari</strong></span> <span class='ocrx_word' id='word_1_33' title='bbox 970 809 1072 874; x_wconf 84' lang='lat' dir='ltr'><strong>eredo.</strong></span> <span class='ocrx_word' id='word_1_34' title='bbox 1114 812 1279 894; x_wconf 78' lang='lat' dir='ltr'><strong>Pindarus,</strong></span> <span class='ocrx_word' id='word_1_35' title='bbox 1302 827 1338 879; x_wconf 87' lang='lat' dir='ltr'><strong>ut</strong></span> 
     </span>
     <span class='ocr_line' id='line_1_6' title="bbox 174 902 1338 994; baseline 0.003 -20"><span class='ocrx_word' id='word_1_36' title='bbox 174 911 229 990; x_wconf 89' lang='lat' dir='ltr'><strong>eis,</strong></span> <span class='ocrx_word' id='word_1_37' title='bbox 252 929 332 994; x_wconf 87' lang='lat' dir='ltr'><strong>quae</strong></span> <span class='ocrx_word' id='word_1_38' title='bbox 350 914 474 976; x_wconf 87' lang='lat' dir='ltr'><strong>Aeneae</strong></span> <span class='ocrx_word' id='word_1_39' title='bbox 498 912 590 977; x_wconf 84' lang='lat' dir='ltr'><strong>choro</strong></span> <span class='ocrx_word' id='word_1_40' title='bbox 611 911 679 975; x_wconf 92' lang='lat' dir='ltr'><strong>duci</strong></span> <span class='ocrx_word' id='word_1_41' title='bbox 697 910 827 975; x_wconf 89' lang='lat' dir='ltr'><strong>mandat</strong></span> <span class='ocrx_word' id='word_1_42' title='bbox 844 902 1170 993; x_wconf 72' lang='grc' dir='ltr'><strong><em>(ὄτρυνον-εἰπόν),</em></strong></span> <span class='ocrx_word' id='word_1_43' title='bbox 1192 915 1338 978; x_wconf 87' lang='lat' dir='ltr'><strong>vetustis-</strong></span> 
     </span>
     <span class='ocr_line' id='line_1_7' title="bbox 174 1011 1339 1093; baseline 0.002 -19"><span class='ocrx_word' id='word_1_44' title='bbox 174 1013 281 1075; x_wconf 85' lang='lat' dir='ltr'><strong>simam</strong></span> <span class='ocrx_word' id='word_1_45' title='bbox 304 1012 560 1077; x_wconf 86' lang='lat' dir='ltr'><strong>consuetudinem</strong></span> <span class='ocrx_word' id='word_1_46' title='bbox 573 1012 701 1092; x_wconf 85' lang='lat' dir='ltr'><strong>respicit</strong></span> <span class='ocrx_word' id='word_1_47' title='bbox 723 1011 825 1092; x_wconf 83' lang='lat' dir='ltr'><strong>(quasi</strong></span> <span class='ocrx_word' id='word_1_48' title='bbox 843 1013 964 1076; x_wconf 85' lang='lat' dir='ltr'><strong>Aeneas</strong></span> <span class='ocrx_word' id='word_1_49' title='bbox 978 1013 1189 1093; x_wconf 81' lang='lat' dir='ltr'><strong>praecineret:</strong></span> <span class='ocrx_word' id='word_1_50' title='bbox 1210 1013 1339 1077; x_wconf 80' lang='grc' dir='ltr'><strong><em>καλεῖτε</em></strong></span> 
     </span>
     <span class='ocr_line' id='line_1_8' title="bbox 173 1109 1340 1193; baseline 0.004 -21"><span class='ocrx_word' id='word_1_51' title='bbox 173 1109 272 1190; x_wconf 69' lang='grc' dir='ltr'><strong><em>θεάν,</em></strong></span> <span class='ocrx_word' id='word_1_52' title='bbox 295 1111 408 1176; x_wconf 90' lang='lat' dir='ltr'><strong>chorus</strong></span> <span class='ocrx_word' id='word_1_53' title='bbox 430 1111 540 1176; x_wconf 90' lang='lat' dir='ltr'><strong>deinde</strong></span> <span class='ocrx_word' id='word_1_54' title='bbox 561 1113 689 1176; x_wconf 91' lang='lat' dir='ltr'><strong>lunonis</strong></span> <span class='ocrx_word' id='word_1_55' title='bbox 710 1129 822 1175; x_wconf 89' lang='lat' dir='ltr'><strong>nemen</strong></span> <span class='ocrx_word' id='word_1_56' title='bbox 844 1111 1017 1193; x_wconf 77' lang='lat' dir='ltr'><strong>clamaret),</strong></span> <span class='ocrx_word' id='word_1_57' title='bbox 1046 1131 1107 1176; x_wconf 95' lang='lat' dir='ltr'><strong>non</strong></span> <span class='ocrx_word' id='word_1_58' title='bbox 1132 1131 1239 1178; x_wconf 89' lang='lat' dir='ltr'><strong>verum</strong></span> <span class='ocrx_word' id='word_1_59' title='bbox 1263 1113 1340 1177; x_wconf 91' lang='lat' dir='ltr'><strong>arti·</strong></span> 
     </span>
     <span class='ocr_line' id='line_1_9' title="bbox 174 1210 1341 1294; baseline 0.002 -18"><span class='ocrx_word' id='word_1_60' title='bbox 174 1210 273 1276; x_wconf 87' lang='lat' dir='ltr'><strong>ficiosi</strong></span> <span class='ocrx_word' id='word_1_61' title='bbox 302 1213 448 1276; x_wconf 86' lang='lat' dir='ltr'><strong>carminis</strong></span> <span class='ocrx_word' id='word_1_62' title='bbox 479 1211 609 1276; x_wconf 90' lang='lat' dir='ltr'><strong>canendi</strong></span> <span class='ocrx_word' id='word_1_63' title='bbox 637 1211 779 1290; x_wconf 89' lang='lat' dir='ltr'><strong>modum,</strong></span> <span class='ocrx_word' id='word_1_64' title='bbox 812 1211 914 1292; x_wconf 88' lang='lat' dir='ltr'><strong>qualis</strong></span> <span class='ocrx_word' id='word_1_65' title='bbox 943 1211 995 1275; x_wconf 93' lang='lat' dir='ltr'><strong>illo</strong></span> <span class='ocrx_word' id='word_1_66' title='bbox 1017 1216 1158 1294; x_wconf 90' lang='lat' dir='ltr'><strong>tempore</strong></span> <span class='ocrx_word' id='word_1_67' title='bbox 1181 1218 1266 1293; x_wconf 87' lang='lat' dir='ltr'><strong>erat,</strong></span> <span class='ocrx_word' id='word_1_68' title='bbox 1296 1214 1341 1278; x_wconf 88' lang='lat' dir='ltr'><strong>ita</strong></span> 
     </span>
     <span class='ocr_line' id='line_1_10' title="bbox 175 1310 1341 1394; baseline 0.003 -20"><span class='ocrx_word' id='word_1_69' title='bbox 175 1316 299 1376; x_wconf 88' lang='lat' dir='ltr'><strong>vetusto</strong></span> <span class='ocrx_word' id='word_1_70' title='bbox 333 1310 434 1375; x_wconf 89' lang='lat' dir='ltr'><strong>officio</strong></span> <span class='ocrx_word' id='word_1_71' title='bbox 466 1311 543 1375; x_wconf 90' lang='lat' dir='ltr'><strong>deae</strong></span> <span class='ocrx_word' id='word_1_72' title='bbox 576 1329 687 1376; x_wconf 91' lang='lat' dir='ltr'><strong>nomen</strong></span> <span class='ocrx_word' id='word_1_73' title='bbox 716 1311 816 1393; x_wconf 91' lang='lat' dir='ltr'><strong>primo</strong></span> <span class='ocrx_word' id='word_1_74' title='bbox 854 1311 921 1376; x_wconf 93' lang='lat' dir='ltr'><strong>loco</strong></span> <span class='ocrx_word' id='word_1_75' title='bbox 958 1311 1108 1376; x_wconf 85' lang='lat' dir='ltr'><strong>afferendi</strong></span> <span class='ocrx_word' id='word_1_76' title='bbox 1145 1311 1341 1394; x_wconf 86' lang='lat' dir='ltr'><strong>hominisque</strong></span> 
     </span>
     <span class='ocr_line' id='line_1_11' title="bbox 175 1410 1340 1495; baseline 0.003 -21"><span class='ocrx_word' id='word_1_77' title='bbox 175 1410 281 1476; x_wconf 90' lang='lat' dir='ltr'><strong>laudes</strong></span> <span class='ocrx_word' id='word_1_78' title='bbox 315 1411 380 1475; x_wconf 88' lang='lat' dir='ltr'><strong>deis</strong></span> <span class='ocrx_word' id='word_1_79' title='bbox 412 1410 618 1490; x_wconf 89' lang='lat' dir='ltr'><strong>subiungendi</strong></span> <span class='ocrx_word' id='word_1_80' title='bbox 651 1410 754 1475; x_wconf 87' lang='lat' dir='ltr'><strong>verbis</strong></span> <span class='ocrx_word' id='word_1_81' title='bbox 782 1413 923 1493; x_wconf 78' lang='grc' dir='ltr'><strong>ιπρῶτον</strong></span> <span class='ocrx_word' id='word_1_82' title='bbox 938 1445 977 1458; x_wconf 89' lang='grc'><strong>-</strong></span> <span class='ocrx_word' id='word_1_83' title='bbox 994 1410 1118 1475; x_wconf 72' lang='grc' dir='ltr'><strong><em>ἔπειτα</em></strong></span> <span class='ocrx_word' id='word_1_84' title='bbox 1149 1411 1340 1495; x_wconf 85' lang='lat' dir='ltr'><strong>defungitur,</strong></span> 
     </span>
     <span class='ocr_line' id='line_1_12' title="bbox 175 1511 1341 1594; baseline 0.002 -20"><span class='ocrx_word' id='word_1_85' title='bbox 175 1529 242 1575; x_wconf 92' lang='lat' dir='ltr'><strong>eum</strong></span> <span class='ocrx_word' id='word_1_86' title='bbox 275 1529 310 1574; x_wconf 91' lang='lat' dir='ltr'><strong>re</strong></span> <span class='ocrx_word' id='word_1_87' title='bbox 338 1529 413 1575; x_wconf 88' lang='lat' dir='ltr'><strong>vera</strong></span> <span class='ocrx_word' id='word_1_88' title='bbox 435 1512 584 1576; x_wconf 90' lang='lat' dir='ltr'><strong>Iunonem</strong></span> <span class='ocrx_word' id='word_1_89' title='bbox 613 1515 751 1576; x_wconf 86' lang='lat' dir='ltr'><strong>extremo</strong></span> <span class='ocrx_word' id='word_1_90' title='bbox 775 1512 898 1575; x_wconf 90' lang='lat' dir='ltr'><strong>demum</strong></span> <span class='ocrx_word' id='word_1_91' title='bbox 920 1511 1073 1593; x_wconf 88' lang='lat' dir='ltr'><strong>carmine,</strong></span> <span class='ocrx_word' id='word_1_92' title='bbox 1106 1513 1125 1576; x_wconf 92' lang='lat' dir='ltr'><strong>i.</strong></span> <span class='ocrx_word' id='word_1_93' title='bbox 1146 1530 1171 1576; x_wconf 91' lang='lat' dir='ltr'><strong>e.</strong></span> <span class='ocrx_word' id='word_1_94' title='bbox 1194 1511 1253 1577; x_wconf 94' lang='lat' dir='ltr'><strong>hoc</strong></span> <span class='ocrx_word' id='word_1_95' title='bbox 1273 1512 1341 1594; x_wconf 89' lang='lat' dir='ltr'><strong>ipse</strong></span> 
     </span>
     <span class='ocr_line' id='line_1_13' title="bbox 176 1610 389 1688; baseline 0.014 -15"><span class='ocrx_word' id='word_1_96' title='bbox 176 1610 251 1688; x_wconf 88' lang='lat' dir='ltr'><strong>loce,</strong></span> <span class='ocrx_word' id='word_1_97' title='bbox 274 1610 389 1676; x_wconf 91' lang='lat' dir='ltr'><strong>laudet.</strong></span> 
     </span>
    </p>

    <p class='ocr_par' dir='ltr' id='par_1_3' title="bbox 177 1708 1341 1892">
     <span class='ocr_line' id='line_1_14' title="bbox 258 1708 1341 1792; baseline 0 -18"><span class='ocrx_word' id='word_1_98' title='bbox 258 1711 354 1775; x_wconf 92' lang='lat' dir='ltr'><strong>Vides</strong></span> <span class='ocrx_word' id='word_1_99' title='bbox 384 1709 546 1775; x_wconf 90' lang='lat' dir='ltr'><strong>abundare</strong></span> <span class='ocrx_word' id='word_1_100' title='bbox 569 1709 697 1775; x_wconf 86' lang='lat' dir='ltr'><strong>Pindari</strong></span> <span class='ocrx_word' id='word_1_101' title='bbox 728 1708 866 1773; x_wconf 87' lang='lat' dir='ltr'><strong>carmina</strong></span> <span class='ocrx_word' id='word_1_102' title='bbox 897 1709 1018 1775; x_wconf 92' lang='lat' dir='ltr'><strong>dicendi</strong></span> <span class='ocrx_word' id='word_1_103' title='bbox 1049 1729 1162 1790; x_wconf 89' lang='lat' dir='ltr'><strong>genere</strong></span> <span class='ocrx_word' id='word_1_104' title='bbox 1190 1729 1259 1775; x_wconf 87' lang='lat' dir='ltr'><strong>eum</strong></span> <span class='ocrx_word' id='word_1_105' title='bbox 1287 1711 1341 1792; x_wconf 87' lang='lat' dir='ltr'><strong>eis,</strong></span> 
     </span>
     <span class='ocr_line' id='line_1_15' title="bbox 177 1809 1341 1892; baseline -0.001 -18"><span class='ocrx_word' id='word_1_106' title='bbox 177 1829 256 1891; x_wconf 90' lang='lat' dir='ltr'><strong>quae</strong></span> <span class='ocrx_word' id='word_1_107' title='bbox 269 1811 390 1892; x_wconf 89' lang='lat' dir='ltr'><strong>pridem</strong></span> <span class='ocrx_word' id='word_1_108' title='bbox 401 1809 536 1891; x_wconf 84' lang='lat' dir='ltr'><strong>fuerant,</strong></span> <span class='ocrx_word' id='word_1_109' title='bbox 553 1810 631 1874; x_wconf 91' lang='lat' dir='ltr'><strong>artis</strong></span> <span class='ocrx_word' id='word_1_110' title='bbox 646 1809 768 1890; x_wconf 91' lang='lat' dir='ltr'><strong>legibus</strong></span> <span class='ocrx_word' id='word_1_111' title='bbox 786 1826 932 1890; x_wconf 90' lang='lat' dir='ltr'><strong>congruo,</strong></span> <span class='ocrx_word' id='word_1_112' title='bbox 950 1827 969 1874; x_wconf 86' lang='lat' dir='ltr'><strong>a</strong></span> <span class='ocrx_word' id='word_1_113' title='bbox 987 1828 1061 1874; x_wconf 90' lang='lat' dir='ltr'><strong>vera</strong></span> <span class='ocrx_word' id='word_1_114' title='bbox 1079 1816 1185 1874; x_wconf 85' lang='lat' dir='ltr'><strong>autern</strong></span> <span class='ocrx_word' id='word_1_115' title='bbox 1203 1810 1341 1890; x_wconf 90' lang='lat' dir='ltr'><strong>ipsorum</strong></span> 
     </span>
    </p>
   </div>
   <div class='ocr_carea' id='block_1_3' title="bbox 176 1909 1448 1991">
    <p class='ocr_par' dir='ltr' id='par_1_4' title="bbox 176 1909 1448 1991">
     <span class='ocr_line' id='line_1_16' title="bbox 176 1909 1448 1991; baseline 0.001 -17"><span class='ocrx_word' id='word_1_116' title='bbox 176 1911 345 1975; x_wconf 86' lang='lat' dir='ltr'><strong>carminum</strong></span> <span class='ocrx_word' id='word_1_117' title='bbox 375 1910 479 1975; x_wconf 91' lang='lat' dir='ltr'><strong>indole</strong></span> <span class='ocrx_word' id='word_1_118' title='bbox 507 1927 600 1991; x_wconf 89' lang='lat' dir='ltr'><strong>saepe</strong></span> <span class='ocrx_word' id='word_1_119' title='bbox 626 1909 738 1974; x_wconf 90' lang='lat' dir='ltr'><strong>aliene.</strong></span> <span class='ocrx_word' id='word_1_120' title='bbox 781 1927 874 1989; x_wconf 89' lang='lat' dir='ltr'><strong>quam</strong></span> <span class='ocrx_word' id='word_1_121' title='bbox 896 1927 959 1972; x_wconf 94' lang='lat' dir='ltr'><strong>non</strong></span> <span class='ocrx_word' id='word_1_122' title='bbox 982 1909 1102 1974; x_wconf 78' lang='lat' dir='ltr'><strong>ueritus</strong></span> <span class='ocrx_word' id='word_1_123' title='bbox 1123 1911 1165 1974; x_wconf 88' lang='lat' dir='ltr'><strong>sit</strong></span> <span class='ocrx_word' id='word_1_124' title='bbox 1187 1909 1343 1975; x_wconf 89' lang='lat' dir='ltr'><strong>Pindarus</strong></span> <span class='ocrx_word' id='word_1_125' title='bbox 1446 1977 1448 1982; x_wconf 40' lang='lat'><strong>.</strong></span> 
     </span>
    </p>
   </div>
   <div class='ocr_carea' id='block_1_4' title="bbox 176 2007 1349 4181">
    <p class='ocr_par' dir='ltr' id='par_1_5' title="bbox 176 2007 1347 3668">
     <span class='ocr_line' id='line_1_17' title="bbox 176 2007 1342 2091; baseline 0.001 -17"><span class='ocrx_word' id='word_1_126' title='bbox 176 2011 269 2075; x_wconf 88' lang='lat' dir='ltr'><strong>huius</strong></span> <span class='ocrx_word' id='word_1_127' title='bbox 302 2011 424 2090; x_wconf 90' lang='lat' dir='ltr'><strong>generis</strong></span> <span class='ocrx_word' id='word_1_128' title='bbox 455 2009 580 2075; x_wconf 89' lang='lat' dir='ltr'><strong>vocibus</strong></span> <span class='ocrx_word' id='word_1_129' title='bbox 618 2027 746 2091; x_wconf 78' lang='lat' dir='ltr'><strong>prorsus</strong></span> <span class='ocrx_word' id='word_1_130' title='bbox 779 2007 925 2073; x_wconf 90' lang='lat' dir='ltr'><strong>inanibus</strong></span> <span class='ocrx_word' id='word_1_131' title='bbox 961 2011 1027 2088; x_wconf 87' lang='lat' dir='ltr'><strong>nti,</strong></span> <span class='ocrx_word' id='word_1_132' title='bbox 1064 2009 1342 2075; x_wconf 86' lang='lat' dir='ltr'><strong>luculentissimum</strong></span> 
     </span>
     <span class='ocr_line' id='line_1_18' title="bbox 178 2106 1343 2191; baseline -0.001 -16"><span class='ocrx_word' id='word_1_133' title='bbox 178 2110 320 2175; x_wconf 84' lang='lat' dir='ltr'><strong>Castorei</strong></span> <span class='ocrx_word' id='word_1_134' title='bbox 347 2110 519 2191; x_wconf 88' lang='lat' dir='ltr'><strong>exemplum</strong></span> <span class='ocrx_word' id='word_1_135' title='bbox 548 2108 637 2174; x_wconf 91' lang='lat' dir='ltr'><strong>docet</strong></span> <span class='ocrx_word' id='word_1_136' title='bbox 658 2109 690 2173; x_wconf 92' lang='lat' dir='ltr'><strong>P.</strong></span> <span class='ocrx_word' id='word_1_137' title='bbox 713 2109 742 2190; x_wconf 84' lang='lat'><strong>2,</strong></span> <span class='ocrx_word' id='word_1_138' title='bbox 760 2112 815 2172; x_wconf 82' lang='lat'><strong>69:</strong></span> <span class='ocrx_word' id='word_1_139' title='bbox 843 2106 931 2190; x_wconf 71' lang='lat' dir='ltr'><strong>tcrida</strong></span> <span class='ocrx_word' id='word_1_140' title='bbox 958 2113 1020 2190; x_wconf 74' lang='grc' dir='ltr'><strong><em>μὲν</em></strong></span> <span class='ocrx_word' id='word_1_141' title='bbox 1046 2109 1131 2172; x_wconf 75' lang='lat' dir='ltr'><strong>nauel</strong></span> <span class='ocrx_word' id='word_1_142' title='bbox 1161 2114 1343 2174; x_wconf 81' lang='grc' dir='ltr'><strong><em>Φοίνισσαν</em></strong></span> 
     </span>
     <span class='ocr_line' id='line_1_19' title="bbox 180 2207 1346 2294; baseline 0.002 -22"><span class='ocrx_word' id='word_1_143' title='bbox 180 2209 332 2293; x_wconf 77' lang='grc' dir='ltr'><strong><em>ἕμπολοέν</em></strong></span> <span class='ocrx_word' id='word_1_144' title='bbox 357 2209 362 2294; x_wconf 84' lang='grc' dir='ltr'>Ι</span> <span class='ocrx_word' id='word_1_145' title='bbox 387 2211 483 2292; x_wconf 80' lang='grc' dir='ltr'><strong><em>μέλος</em></strong></span> <span class='ocrx_word' id='word_1_146' title='bbox 504 2209 589 2293; x_wconf 76' lang='grc' dir='ltr'><strong>ὑπὲρ</strong></span> <span class='ocrx_word' id='word_1_147' title='bbox 610 2208 727 2283; x_wconf 78' lang='grc' dir='ltr'><strong><em>πολιᾶς</em></strong></span> <span class='ocrx_word' id='word_1_148' title='bbox 750 2207 830 2282; x_wconf 72' lang='grc' dir='ltr'><strong><em>ἁλός</em></strong></span> <span class='ocrx_word' id='word_1_149' title='bbox 851 2217 1031 2291; x_wconf 75' lang='grc' dir='ltr'><strong><em>πέμπεται,</em></strong></span> <span class='ocrx_word' id='word_1_150' title='bbox 1056 2210 1062 2289; x_wconf 75' lang='grc' dir='ltr'>Ι</span> <span class='ocrx_word' id='word_1_151' title='bbox 1087 2209 1125 2272; x_wconf 83' lang='grc' dir='ltr'><strong>τό</strong></span> <span class='ocrx_word' id='word_1_152' title='bbox 1145 2209 1346 2291; x_wconf 80' lang='grc' dir='ltr'><strong><em>Καστόρειον</em></strong></span> 
     </span>
     <span class='ocr_line' id='line_1_20' title="bbox 177 2304 1344 2397; baseline 0.003 -27"><span class='ocrx_word' id='word_1_153' title='bbox 177 2309 207 2370; x_wconf 83' lang='grc' dir='ltr'><strong>δ’</strong></span> <span class='ocrx_word' id='word_1_154' title='bbox 227 2311 262 2373; x_wconf 83' lang='grc' dir='ltr'><strong><em>ἐν</em></strong></span> <span class='ocrx_word' id='word_1_155' title='bbox 282 2307 472 2374; x_wconf 78' lang='grc' dir='ltr'><strong><em>Αἰολίδεσσι</em></strong></span> <span class='ocrx_word' id='word_1_156' title='bbox 491 2309 625 2397; x_wconf 75' lang='grc' dir='ltr'><strong><em>χορόαῖς</em></strong></span> <span class='ocrx_word' id='word_1_157' title='bbox 645 2308 755 2372; x_wconf 71' lang='grc' dir='ltr'><strong><em>θέλων</em></strong></span> <span class='ocrx_word' id='word_1_158' title='bbox 774 2313 778 2388; x_wconf 95' lang='grc' dir='ltr'>Ι</span> <span class='ocrx_word' id='word_1_159' title='bbox 798 2304 970 2394; x_wconf 68' lang='grc' dir='ltr'><strong><em>ἄθρησον.</em></strong></span> <span class='ocrx_word' id='word_1_160' title='bbox 1013 2328 1076 2393; x_wconf 89' lang='lat' dir='ltr'><strong>quo</strong></span> <span class='ocrx_word' id='word_1_161' title='bbox 1096 2310 1221 2374; x_wconf 85' lang='lat' dir='ltr'><strong>nomine</strong></span> <span class='ocrx_word' id='word_1_162' title='bbox 1242 2311 1344 2392; x_wconf 83' lang='lat' dir='ltr'><strong>ipsum</strong></span> 
     </span>
     <span class='ocr_line' id='line_1_21' title="bbox 178 2408 1343 2493; baseline -0.001 -20"><span class='ocrx_word' id='word_1_163' title='bbox 178 2428 301 2474; x_wconf 89' lang='lat' dir='ltr'><strong>carmen</strong></span> <span class='ocrx_word' id='word_1_164' title='bbox 325 2410 360 2475; x_wconf 90' lang='lat' dir='ltr'><strong>P.</strong></span> <span class='ocrx_word' id='word_1_165' title='bbox 383 2411 402 2474; x_wconf 84' lang='grc'>2</span> <span class='ocrx_word' id='word_1_166' title='bbox 432 2409 601 2490; x_wconf 87' lang='lat' dir='ltr'><strong>significari</strong></span> <span class='ocrx_word' id='word_1_167' title='bbox 629 2408 756 2474; x_wconf 86' lang='lat' dir='ltr'><strong>Boechh</strong></span> <span class='ocrx_word' id='word_1_168' title='bbox 785 2408 908 2493; x_wconf 84' lang='lat' dir='ltr'><strong>(explic.</strong></span> <span class='ocrx_word' id='word_1_169' title='bbox 931 2416 964 2473; x_wconf 87' lang='lat' dir='ltr'><strong>et</strong></span> <span class='ocrx_word' id='word_1_170' title='bbox 987 2408 1024 2472; x_wconf 91' lang='lat' dir='ltr'><strong>de</strong></span> <span class='ocrx_word' id='word_1_171' title='bbox 1045 2427 1083 2473; x_wconf 91' lang='lat' dir='ltr'><strong>rn.</strong></span> <span class='ocrx_word' id='word_1_172' title='bbox 1108 2409 1196 2474; x_wconf 91' lang='lat' dir='ltr'><strong>Pind.</strong></span> <span class='ocrx_word' id='word_1_173' title='bbox 1217 2428 1246 2491; x_wconf 93' lang='lat' dir='ltr'><strong>p.</strong></span> <span class='ocrx_word' id='word_1_174' title='bbox 1265 2410 1343 2490; x_wconf 72' lang='lat'><strong>976)</strong></span> 
     </span>
     <span class='ocr_line' id='line_1_22' title="bbox 178 2508 1345 2590; baseline -0.001 -18"><span class='ocrx_word' id='word_1_175' title='bbox 178 2509 392 2574; x_wconf 90' lang='lat' dir='ltr'><strong>Hennannnm</strong></span> <span class='ocrx_word' id='word_1_176' title='bbox 423 2514 547 2574; x_wconf 88' lang='lat' dir='ltr'><strong>secutus</strong></span> <span class='ocrx_word' id='word_1_177' title='bbox 575 2514 681 2574; x_wconf 91' lang='lat' dir='ltr'><strong>censet</strong></span> <span class='ocrx_word' id='word_1_178' title='bbox 712 2516 744 2573; x_wconf 91' lang='lat' dir='ltr'><strong>et</strong></span> <span class='ocrx_word' id='word_1_179' title='bbox 772 2508 885 2590; x_wconf 70' lang='grc' dir='ltr'><strong>εμέλος</strong></span> <span class='ocrx_word' id='word_1_180' title='bbox 916 2528 942 2573; x_wconf 92' lang='lat' dir='ltr'><strong>v.</strong></span> <span class='ocrx_word' id='word_1_181' title='bbox 966 2513 1005 2573; x_wconf 84' lang='grc'><strong>68</strong></span> <span class='ocrx_word' id='word_1_182' title='bbox 1036 2508 1116 2573; x_wconf 93' lang='lat' dir='ltr'><strong>idem</strong></span> <span class='ocrx_word' id='word_1_183' title='bbox 1144 2527 1213 2573; x_wconf 88' lang='lat' dir='ltr'><strong>esse</strong></span> <span class='ocrx_word' id='word_1_184' title='bbox 1242 2525 1279 2572; x_wconf 87' lang='lat' dir='ltr'><strong>ao</strong></span> <span class='ocrx_word' id='word_1_185' title='bbox 1305 2510 1345 2572; x_wconf 78' lang='grc' dir='ltr'><strong>τό</strong></span> 
     </span>
     <span class='ocr_line' id='line_1_23' title="bbox 178 2607 1344 2692; baseline -0.001 -20"><span class='ocrx_word' id='word_1_186' title='bbox 178 2608 377 2692; x_wconf 76' lang='grc' dir='ltr'><strong><em>Καστόρειον</em></strong></span> <span class='ocrx_word' id='word_1_187' title='bbox 399 2609 534 2690; x_wconf 89' lang='lat' dir='ltr'><strong>iudicat,</strong></span> <span class='ocrx_word' id='word_1_188' title='bbox 557 2609 718 2690; x_wconf 87' lang='lat' dir='ltr'><strong>particulis</strong></span> <span class='ocrx_word' id='word_1_189' title='bbox 740 2609 836 2691; x_wconf 86' lang='lat' dir='ltr'><strong>igitur</strong></span> <span class='ocrx_word' id='word_1_190' title='bbox 858 2608 1030 2691; x_wconf 68' lang='lat' dir='ltr'><strong>psa-ar</strong></span> <span class='ocrx_word' id='word_1_191' title='bbox 1051 2627 1112 2672; x_wconf 92' lang='lat' dir='ltr'><strong>non</strong></span> <span class='ocrx_word' id='word_1_192' title='bbox 1135 2609 1266 2691; x_wconf 83' lang='lat' dir='ltr'><strong>opponi,</strong></span> <span class='ocrx_word' id='word_1_193' title='bbox 1289 2607 1344 2673; x_wconf 88' lang='lat' dir='ltr'><strong>sed</strong></span> 
     </span>
     <span class='ocr_line' id='line_1_24' title="bbox 179 2707 1343 2791; baseline -0.001 -19"><span class='ocrx_word' id='word_1_194' title='bbox 179 2710 296 2772; x_wconf 88' lang='lat' dir='ltr'><strong>conecti</strong></span> <span class='ocrx_word' id='word_1_195' title='bbox 327 2709 511 2773; x_wconf 79' lang='lat' dir='ltr'><strong>sententias,</strong></span> <span class='ocrx_word' id='word_1_196' title='bbox 563 2708 690 2790; x_wconf 89' lang='lat' dir='ltr'><strong>Mezger</strong></span> <span class='ocrx_word' id='word_1_197' title='bbox 716 2711 758 2791; x_wconf 90' lang='lat' dir='ltr'><strong>(p.</strong></span> <span class='ocrx_word' id='word_1_198' title='bbox 786 2713 837 2788; x_wconf 82' lang='lat'><strong>58)</strong></span> <span class='ocrx_word' id='word_1_199' title='bbox 867 2707 1052 2774; x_wconf 86' lang='lat' dir='ltr'><strong>Castoreum</strong></span> <span class='ocrx_word' id='word_1_200' title='bbox 1081 2708 1150 2773; x_wconf 93' lang='lat' dir='ltr'><strong>ideo</strong></span> <span class='ocrx_word' id='word_1_201' title='bbox 1182 2709 1343 2790; x_wconf 89' lang='lat' dir='ltr'><strong>appellari,</strong></span> 
     </span>
     <span class='ocr_line' id='line_1_25' title="bbox 179 2807 1345 2889; baseline -0.001 -16"><span class='ocrx_word' id='word_1_202' title='bbox 179 2809 252 2888; x_wconf 90' lang='lat' dir='ltr'><strong>quie</strong></span> <span class='ocrx_word' id='word_1_203' title='bbox 275 2808 409 2874; x_wconf 90' lang='lat' dir='ltr'><strong>curulem</strong></span> <span class='ocrx_word' id='word_1_204' title='bbox 430 2809 589 2873; x_wconf 89' lang='lat' dir='ltr'><strong>victoriam</strong></span> <span class='ocrx_word' id='word_1_205' title='bbox 611 2809 756 2889; x_wconf 88' lang='lat' dir='ltr'><strong>celebret,</strong></span> <span class='ocrx_word' id='word_1_206' title='bbox 780 2813 865 2873; x_wconf 90' lang='lat' dir='ltr'><strong>recte</strong></span> <span class='ocrx_word' id='word_1_207' title='bbox 882 2807 1010 2872; x_wconf 87' lang='lat' dir='ltr'><strong>iudicat.</strong></span> <span class='ocrx_word' id='word_1_208' title='bbox 1053 2808 1109 2872; x_wconf 93' lang='lat' dir='ltr'><strong>sed</strong></span> <span class='ocrx_word' id='word_1_209' title='bbox 1127 2826 1263 2889; x_wconf 89' lang='lat' dir='ltr'><strong>quonam</strong></span> <span class='ocrx_word' id='word_1_210' title='bbox 1279 2809 1345 2872; x_wconf 91' lang='lat' dir='ltr'><strong>iure</strong></span> 
     </span>
     <span class='ocr_line' id='line_1_26' title="bbox 178 2906 1344 2989; baseline 0.001 -20"><span class='ocrx_word' id='word_1_211' title='bbox 178 2906 332 2971; x_wconf 88' lang='lat' dir='ltr'><strong>Pindarus</strong></span> <span class='ocrx_word' id='word_1_212' title='bbox 364 2926 506 2988; x_wconf 85' lang='lat' dir='ltr'><strong>carmen,</strong></span> <span class='ocrx_word' id='word_1_213' title='bbox 536 2909 567 2973; x_wconf 94' lang='lat' dir='ltr'><strong>in</strong></span> <span class='ocrx_word' id='word_1_214' title='bbox 598 2926 658 2989; x_wconf 91' lang='lat' dir='ltr'><strong>quo</strong></span> <span class='ocrx_word' id='word_1_215' title='bbox 688 2927 727 2973; x_wconf 90' lang='lat' dir='ltr'><strong>ne</strong></span> <span class='ocrx_word' id='word_1_216' title='bbox 756 2907 882 2970; x_wconf 89' lang='lat' dir='ltr'><strong>minima</strong></span> <span class='ocrx_word' id='word_1_217' title='bbox 911 2907 1037 2988; x_wconf 89' lang='lat' dir='ltr'><strong>quidem</strong></span> <span class='ocrx_word' id='word_1_218' title='bbox 1059 2906 1200 2972; x_wconf 83' lang='lat' dir='ltr'><strong>Castoris</strong></span> <span class='ocrx_word' id='word_1_219' title='bbox 1229 2907 1344 2970; x_wconf 89' lang='lat' dir='ltr'><strong>mentio</strong></span> 
     </span>
     <span class='ocr_line' id='line_1_27' title="bbox 177 3004 1343 3091; baseline 0.002 -22"><span class='ocrx_word' id='word_1_220' title='bbox 177 3004 277 3086; x_wconf 83' lang='lat' dir='ltr'><strong>fieret,</strong></span> <span class='ocrx_word' id='word_1_221' title='bbox 299 3007 501 3091; x_wconf 82' lang='grc' dir='ltr'><strong><em>Καστόρειον</em></strong></span> <span class='ocrx_word' id='word_1_222' title='bbox 520 3025 631 3073; x_wconf 84' lang='lat' dir='ltr'><strong>uocare</strong></span> <span class='ocrx_word' id='word_1_223' title='bbox 651 3008 798 3089; x_wconf 89' lang='lat' dir='ltr'><strong>potuerit,</strong></span> <span class='ocrx_word' id='word_1_224' title='bbox 820 3005 985 3072; x_wconf 89' lang='lat' dir='ltr'><strong>nemodum</strong></span> <span class='ocrx_word' id='word_1_225' title='bbox 1002 3007 1105 3089; x_wconf 87' lang='lat' dir='ltr'><strong>quoad</strong></span> <span class='ocrx_word' id='word_1_226' title='bbox 1119 3007 1215 3072; x_wconf 85' lang='lat' dir='ltr'><strong>seiam</strong></span> <span class='ocrx_word' id='word_1_227' title='bbox 1231 3006 1343 3071; x_wconf 92' lang='lat' dir='ltr'><strong>docuit.</strong></span> 
     </span>
     <span class='ocr_line' id='line_1_28' title="bbox 178 3105 1344 3189; baseline 0.001 -21"><span class='ocrx_word' id='word_1_228' title='bbox 178 3123 251 3169; x_wconf 90' lang='lat' dir='ltr'><strong>narn</strong></span> <span class='ocrx_word' id='word_1_229' title='bbox 275 3105 314 3170; x_wconf 91' lang='lat' dir='ltr'><strong>ab</strong></span> <span class='ocrx_word' id='word_1_230' title='bbox 345 3107 396 3171; x_wconf 92' lang='lat' dir='ltr'><strong>illo</strong></span> <span class='ocrx_word' id='word_1_231' title='bbox 429 3106 589 3187; x_wconf 82' lang='lat' dir='ltr'><strong>Castoreo,</strong></span> <span class='ocrx_word' id='word_1_232' title='bbox 618 3108 701 3189; x_wconf 87' lang='lat' dir='ltr'><strong>quod</strong></span> <span class='ocrx_word' id='word_1_233' title='bbox 724 3107 845 3188; x_wconf 89' lang='lat' dir='ltr'><strong>rythmo</strong></span> <span class='ocrx_word' id='word_1_234' title='bbox 867 3105 1068 3186; x_wconf 87' lang='lat' dir='ltr'><strong>anapaestico</strong></span> <span class='ocrx_word' id='word_1_235' title='bbox 1090 3105 1344 3170; x_wconf 87' lang='lat' dir='ltr'><strong>Lacedaemoniis</strong></span> 
     </span>
     <span class='ocr_line' id='line_1_29' title="bbox 178 3205 1344 3288; baseline 0.002 -20"><span class='ocrx_word' id='word_1_236' title='bbox 178 3205 210 3268; x_wconf 93' lang='lat' dir='ltr'><strong>in</strong></span> <span class='ocrx_word' id='word_1_237' title='bbox 232 3223 369 3286; x_wconf 89' lang='lat' dir='ltr'><strong>pugnam</strong></span> <span class='ocrx_word' id='word_1_238' title='bbox 392 3206 639 3286; x_wconf 85' lang='lat' dir='ltr'><strong>ingredientibus</strong></span> <span class='ocrx_word' id='word_1_239' title='bbox 662 3207 805 3270; x_wconf 88' lang='lat' dir='ltr'><strong>tibicines</strong></span> <span class='ocrx_word' id='word_1_240' title='bbox 828 3205 1014 3270; x_wconf 88' lang='lat' dir='ltr'><strong>accinebant</strong></span> <span class='ocrx_word' id='word_1_241' title='bbox 1036 3205 1077 3288; x_wconf 84' lang='lat' dir='ltr'><strong>(v.</strong></span> <span class='ocrx_word' id='word_1_242' title='bbox 1097 3205 1222 3270; x_wconf 89' lang='lat' dir='ltr'><strong>Boechh</strong></span> <span class='ocrx_word' id='word_1_243' title='bbox 1245 3205 1284 3270; x_wconf 93' lang='lat' dir='ltr'><strong>de</strong></span> <span class='ocrx_word' id='word_1_244' title='bbox 1305 3224 1344 3270; x_wconf 87' lang='lat' dir='ltr'><strong>m.</strong></span> 
     </span>
     <span class='ocr_line' id='line_1_30' title="bbox 179 3304 1346 3388; baseline 0 -20"><span class='ocrx_word' id='word_1_245' title='bbox 179 3304 215 3368; x_wconf 93' lang='lat' dir='ltr'><strong>P.</strong></span> <span class='ocrx_word' id='word_1_246' title='bbox 238 3309 298 3368; x_wconf 80' lang='lat'><strong>276</strong></span> <span class='ocrx_word' id='word_1_247' title='bbox 320 3305 393 3369; x_wconf 87' lang='lat' dir='ltr'><strong>adn.</strong></span> <span class='ocrx_word' id='word_1_248' title='bbox 415 3306 463 3388; x_wconf 82' lang='lat'><strong>2),</strong></span> <span class='ocrx_word' id='word_1_249' title='bbox 498 3324 566 3371; x_wconf 91' lang='lat' dir='ltr'><strong>cum</strong></span> <span class='ocrx_word' id='word_1_250' title='bbox 599 3304 649 3370; x_wconf 90' lang='lat' dir='ltr'><strong>hic</strong></span> <span class='ocrx_word' id='word_1_251' title='bbox 679 3306 764 3370; x_wconf 91' lang='lat' dir='ltr'><strong>locus</strong></span> <span class='ocrx_word' id='word_1_252' title='bbox 797 3309 862 3369; x_wconf 90' lang='lat' dir='ltr'><strong>tum</strong></span> <span class='ocrx_word' id='word_1_253' title='bbox 894 3305 973 3382; x_wconf 83' lang='lat' dir='ltr'><strong>J.·l‚</strong></span> <span class='ocrx_word' id='word_1_254' title='bbox 994 3309 1030 3368; x_wconf 86' lang='lat'><strong>16</strong></span> <span class='ocrx_word' id='word_1_255' title='bbox 1046 3323 1092 3386; x_wconf 86' lang='lat' dir='ltr'><strong>sq.</strong></span> <span class='ocrx_word' id='word_1_256' title='bbox 1122 3304 1214 3386; x_wconf 90' lang='lat' dir='ltr'><strong>plane</strong></span> <span class='ocrx_word' id='word_1_257' title='bbox 1244 3305 1346 3369; x_wconf 89' lang='lat' dir='ltr'><strong>aliena</strong></span> 
     </span>
     <span class='ocr_line' id='line_1_31' title="bbox 180 3403 1347 3485; baseline 0 -18"><span class='ocrx_word' id='word_1_258' title='bbox 180 3413 271 3480; x_wconf 62' lang='lat' dir='ltr'><strong>sunta</strong></span> <span class='ocrx_word' id='word_1_259' title='bbox 304 3405 418 3468; x_wconf 89' lang='lat' dir='ltr'><strong>iniuria</strong></span> <span class='ocrx_word' id='word_1_260' title='bbox 447 3404 574 3470; x_wconf 84' lang='lat' dir='ltr'><strong>Beechh</strong></span> <span class='ocrx_word' id='word_1_261' title='bbox 603 3405 679 3470; x_wconf 91' lang='lat' dir='ltr'><strong>haee</strong></span> <span class='ocrx_word' id='word_1_262' title='bbox 705 3405 808 3469; x_wconf 89' lang='lat' dir='ltr'><strong>omnia</strong></span> <span class='ocrx_word' id='word_1_263' title='bbox 834 3403 1014 3483; x_wconf 81' lang='lat' dir='ltr'><strong>confundit3</strong></span> <span class='ocrx_word' id='word_1_264' title='bbox 1045 3407 1113 3485; x_wconf 87' lang='lat' dir='ltr'><strong>quis</strong></span> <span class='ocrx_word' id='word_1_265' title='bbox 1137 3404 1218 3469; x_wconf 85' lang='lat' dir='ltr'><strong>enirn</strong></span> <span class='ocrx_word' id='word_1_266' title='bbox 1240 3404 1347 3468; x_wconf 87' lang='lat' dir='ltr'><strong>credat</strong></span> 
     </span>
     <span class='ocr_line' id='line_1_32' title="bbox 180 3503 1347 3586; baseline 0.002 -20"><span class='ocrx_word' id='word_1_267' title='bbox 180 3503 295 3574; x_wconf 82' lang='lat' dir='ltr'><strong>milites</strong></span> <span class='ocrx_word' id='word_1_268' title='bbox 319 3505 441 3586; x_wconf 87' lang='lat' dir='ltr'><strong>pedites</strong></span> <span class='ocrx_word' id='word_1_269' title='bbox 465 3505 595 3571; x_wconf 83' lang='lat' dir='ltr'><strong>Castore</strong></span> <span class='ocrx_word' id='word_1_270' title='bbox 626 3504 730 3586; x_wconf 89' lang='lat' dir='ltr'><strong>equite</strong></span> <span class='ocrx_word' id='word_1_271' title='bbox 758 3505 907 3585; x_wconf 80' lang='lat' dir='ltr'><strong>aurigare</strong></span> <span class='ocrx_word' id='word_1_272' title='bbox 931 3503 1116 3569; x_wconf 88' lang='lat' dir='ltr'><strong>celebrando</strong></span> <span class='ocrx_word' id='word_1_273' title='bbox 1137 3505 1255 3567; x_wconf 89' lang='lat' dir='ltr'><strong>animos</strong></span> <span class='ocrx_word' id='word_1_274' title='bbox 1277 3522 1347 3568; x_wconf 90' lang='lat' dir='ltr'><strong>con·</strong></span> 
     </span>
     <span class='ocr_line' id='line_1_33' title="bbox 180 3600 345 3668; baseline 0.018 -3"><span class='ocrx_word' id='word_1_275' title='bbox 180 3600 345 3668; x_wconf 79' lang='lat' dir='ltr'><strong>firmasse?</strong></span> 
     </span>
    </p>

    <p class='ocr_par' dir='ltr' id='par_1_6' title="bbox 181 3701 1349 4181">
     <span class='ocr_line' id='line_1_34' title="bbox 264 3701 1346 3782; baseline -0.002 -16"><span class='ocrx_word' id='word_1_276' title='bbox 264 3701 323 3766; x_wconf 85' lang='lat' dir='ltr'><strong>Sed</strong></span> <span class='ocrx_word' id='word_1_277' title='bbox 355 3702 449 3766; x_wconf 86' lang='lat' dir='ltr'><strong>altius</strong></span> <span class='ocrx_word' id='word_1_278' title='bbox 473 3702 547 3766; x_wconf 91' lang='lat' dir='ltr'><strong>mihi</strong></span> <span class='ocrx_word' id='word_1_279' title='bbox 573 3702 744 3782; x_wconf 89' lang='lat' dir='ltr'><strong>repetenda</strong></span> <span class='ocrx_word' id='word_1_280' title='bbox 765 3702 866 3767; x_wconf 90' lang='lat' dir='ltr'><strong>oratio</strong></span> <span class='ocrx_word' id='word_1_281' title='bbox 888 3707 954 3780; x_wconf 83' lang='lat' dir='ltr'><strong>est,</strong></span> <span class='ocrx_word' id='word_1_282' title='bbox 985 3705 1036 3780; x_wconf 88' lang='lat' dir='ltr'><strong>ut,</strong></span> <span class='ocrx_word' id='word_1_283' title='bbox 1063 3701 1136 3781; x_wconf 89' lang='lat' dir='ltr'><strong>quid</strong></span> <span class='ocrx_word' id='word_1_284' title='bbox 1159 3701 1198 3764; x_wconf 93' lang='lat' dir='ltr'><strong>de</strong></span> <span class='ocrx_word' id='word_1_285' title='bbox 1221 3701 1346 3766; x_wconf 92' lang='lat' dir='ltr'><strong>Pindari</strong></span> 
     </span>
     <span class='ocr_line' id='line_1_35' title="bbox 181 3799 1346 3882; baseline 0.001 -19"><span class='ocrx_word' id='word_1_286' title='bbox 181 3799 329 3863; x_wconf 83' lang='lat' dir='ltr'><strong>Castorea</strong></span> <span class='ocrx_word' id='word_1_287' title='bbox 350 3803 492 3879; x_wconf 86' lang='lat' dir='ltr'><strong>sentiam,</strong></span> <span class='ocrx_word' id='word_1_288' title='bbox 516 3820 678 3881; x_wconf 81' lang='lat' dir='ltr'><strong>exponam.</strong></span> <span class='ocrx_word' id='word_1_289' title='bbox 718 3800 854 3866; x_wconf 90' lang='lat' dir='ltr'><strong>Pindaro</strong></span> <span class='ocrx_word' id='word_1_290' title='bbox 876 3804 955 3864; x_wconf 90' lang='lat' dir='ltr'><strong>teste</strong></span> <span class='ocrx_word' id='word_1_291' title='bbox 971 3799 1021 3880; x_wconf 85' lang='grc' dir='ltr'><strong>(Ο.</strong></span> <span class='ocrx_word' id='word_1_292' title='bbox 1034 3805 1052 3864; x_wconf 86' lang='grc'>9</span> <span class='ocrx_word' id='word_1_293' title='bbox 1065 3800 1120 3881; x_wconf 81' lang='lat' dir='ltr'><strong>in.)</strong></span> <span class='ocrx_word' id='word_1_294' title='bbox 1138 3799 1346 3882; x_wconf 87' lang='lat' dir='ltr'><strong>Epharmosto</strong></span> 
     </span>
     <span class='ocr_line' id='line_1_36' title="bbox 182 3898 1349 3982; baseline 0.002 -22"><span class='ocrx_word' id='word_1_295' title='bbox 182 3899 289 3961; x_wconf 83' lang='lat' dir='ltr'><strong>victori</strong></span> <span class='ocrx_word' id='word_1_296' title='bbox 314 3901 421 3962; x_wconf 88' lang='lat' dir='ltr'><strong>statim</strong></span> <span class='ocrx_word' id='word_1_297' title='bbox 445 3901 514 3980; x_wconf 90' lang='lat' dir='ltr'><strong>ipso</strong></span> <span class='ocrx_word' id='word_1_298' title='bbox 537 3901 680 3965; x_wconf 90' lang='lat' dir='ltr'><strong>ludorum</strong></span> <span class='ocrx_word' id='word_1_299' title='bbox 702 3899 768 3963; x_wconf 92' lang='lat' dir='ltr'><strong>loco</strong></span> <span class='ocrx_word' id='word_1_300' title='bbox 791 3898 992 3964; x_wconf 88' lang='lat' dir='ltr'><strong>accinebatur</strong></span> <span class='ocrx_word' id='word_1_301' title='bbox 1008 3899 1045 3961; x_wconf 79' lang='grc' dir='ltr'><strong>τό</strong></span> <span class='ocrx_word' id='word_1_302' title='bbox 1061 3899 1239 3980; x_wconf 78' lang='grc' dir='ltr'><strong><em>Ἀρχιλόχου</em></strong></span> <span class='ocrx_word' id='word_1_303' title='bbox 1254 3900 1349 3982; x_wconf 74' lang='grc' dir='ltr'><strong><em>μέλος</em></strong></span> 
     </span>
     <span class='ocr_line' id='line_1_37' title="bbox 263 3997 1347 4082; baseline 0.002 -20.861"><span class='ocrx_word' id='word_1_304' title='bbox 263 3997 442 4072; x_wconf 79' lang='grc' dir='ltr'><strong><em>καλλίνικος</em></strong></span> <span class='ocrx_word' id='word_1_305' title='bbox 460 3999 477 4060; x_wconf 85' lang='grc' dir='ltr'>ὁ</span> <span class='ocrx_word' id='word_1_306' title='bbox 493 3997 644 4082; x_wconf 81' lang='grc' dir='ltr'><strong><em>τριπλόος</em></strong></span> <span class='ocrx_word' id='word_1_307' title='bbox 660 3997 832 4077; x_wconf 77' lang='grc' dir='ltr'><strong><em>κεχλαδώς.</em></strong></span> <span class='ocrx_word' id='word_1_308' title='bbox 877 3998 991 4081; x_wconf 86' lang='lat' dir='ltr'><strong>quibus</strong></span> <span class='ocrx_word' id='word_1_309' title='bbox 1007 3997 1109 4061; x_wconf 80' lang='lat' dir='ltr'><strong>verbis</strong></span> <span class='ocrx_word' id='word_1_310' title='bbox 1124 3999 1347 4063; x_wconf 83' lang='lat' dir='ltr'><strong>Eratosthenes</strong></span> 
     </span>
     <span class='ocr_line' id='line_1_38' title="bbox 182 4095 1346 4181; baseline 0.003 -23"><span class='ocrx_word' id='word_1_311' title='bbox 182 4095 259 4160; x_wconf 90' lang='lat' dir='ltr'><strong>dicit</strong></span> <span class='ocrx_word' id='word_1_312' title='bbox 276 4095 448 4162; x_wconf 86' lang='lat' dir='ltr'><strong>Archilochi</strong></span> <span class='ocrx_word' id='word_1_313' title='bbox 471 4099 616 4181; x_wconf 86' lang='lat' dir='ltr'><strong>hymnum</strong></span> <span class='ocrx_word' id='word_1_314' title='bbox 637 4099 669 4162; x_wconf 91' lang='lat' dir='ltr'><strong>in</strong></span> <span class='ocrx_word' id='word_1_315' title='bbox 687 4097 851 4163; x_wconf 86' lang='lat' dir='ltr'><strong>Herculem</strong></span> <span class='ocrx_word' id='word_1_316' title='bbox 872 4098 943 4179; x_wconf 85' lang='lat' dir='ltr'><strong>(frg.</strong></span> <span class='ocrx_word' id='word_1_317' title='bbox 958 4101 1015 4159; x_wconf 88' lang='lat'><strong>119</strong></span> <span class='ocrx_word' id='word_1_318' title='bbox 1029 4095 1148 4176; x_wconf 86' lang='lat' dir='ltr'><strong>Bergk)</strong></span> <span class='ocrx_word' id='word_1_319' title='bbox 1167 4097 1346 4180; x_wconf 82' lang='lat' dir='ltr'><strong>significari,</strong></span> 
     </span>
    </p>
   </div>
   <div class='ocr_carea' id='block_1_5' title="bbox 0 0 1638 4976">
    <p class='ocr_par' dir='ltr' id='par_1_7' title="bbox 0 0 1638 4976">
     <span class='ocr_line' id='line_1_39' title="bbox 0 0 1638 4976; baseline 0 0"><span class='ocrx_word' id='word_1_320' title='bbox 0 0 1638 4976; x_wconf 95' lang='lat' dir='ltr'><strong> </strong></span> 
     </span>
    </p>
   </div>
  </div>
 </body>
</html>
