3244 4976
844 389 884 450 30

272 567 446 633 diutissime
475 584 536 628 non
559 565 657 630 solum
680 566 868 630 Asianorum
892 566 1171 631 instrumentorum
1195 566 1439 644 similitudinem,

271 669 326 733 sed
357 685 410 731 eas
433 684 553 747 quoquc
576 672 679 746 artes,
709 666 823 748 quibus
845 667 876 731 in
898 667 1010 731 fidibus
1033 667 1099 731 voci
1122 667 1234 731 iunctis
1255 667 1437 748 iampridem

272 767 458 847 utebantur,
490 767 647 847 respuisse
676 765 813 830 videtur.
865 765 902 830 cl.
926 766 1075 830 Phaniam
1103 767 1346 849 Peripateticum
1376 767 1438 847 (ap.

272 867 385 930 Athen.
403 866 477 930 VIII
496 885 521 930 c.
537 864 591 947 46)
615 866 653 929 de
676 865 866 947 Stratonieo,
888 867 941 946 qui
964 866 1023 931 luit
1045 866 1215 932 Alexandri
1239 868 1440 949 temporibus

271 966 347 1030 haec
369 967 570 1030 referentem:
593 966 686 1029 δοκεῖ
702 963 762 1052 τήν
782 964 1003 1049 πολυχορδίαν
1020 965 1065 1044 εἰς
1080 966 1139 1056 τὴν
1157 967 1259 1058 ψιλήν
1272 966 1442 1048 κιθάρισιν

272 1069 401 1148 πρῶτος
420 1065 615 1147 εἶςενεγκεϊν,
655 1066 686 1129 in
714 1067 876 1148 symposiis
903 1069 984 1130 enim
1007 1073 1038 1131 et
1061 1068 1142 1131 omni
1168 1067 1301 1148 prolana
1322 1069 1439 1132 musica

269 1167 501 1249 polychordiam
530 1167 592 1230 iam
615 1166 685 1247 plus
707 1166 943 1247 quadringentis
965 1167 1056 1230 annis
1078 1172 1151 1231 aute
1174 1168 1321 1232 usitatam
1342 1167 1439 1232 fuisse

270 1274 405 1332 constat.
450 1268 603 1331 nescimus
625 1273 808 1346 praeterea,
837 1266 950 1348 quihus
971 1266 1107 1331 fortasse
1131 1269 1263 1348 argutiis
1285 1267 1439 1349 Lysandri

269 1367 411 1447 magadis
442 1367 655 1430 vetustissimo
692 1366 735 1430 illi
770 1366 923 1448 psallendi
961 1368 1067 1446 generi
1103 1369 1316 1449 praestiterit;
1359 1369 1436 1432 illud

269 1472 373 1532 autem
413 1473 496 1531 recte
536 1465 718 1531 concludere
761 1466 836 1530 mihi
875 1467 999 1548 videor,
1048 1485 1116 1532 curn
1155 1467 1302 1549 peculiari
1343 1468 1440 1532 tibiae

269 1568 374 1632 sonitu
403 1566 479 1630 nihil
508 1567 536 1631 ei
563 1584 725 1630 commune
748 1565 866 1641 -luissc;
899 1583 971 1630 nam
993 1567 1083 1648 siqua
1103 1566 1163 1631 fuit
1184 1567 1327 1648 magadis
1352 1567 1439 1648 tibia,

267 1683 287 1730 a
309 1666 423 1731 fidibus
446 1667 514 1746 ipsa
537 1685 649 1730 nomen
673 1665 803 1748 accepit.
846 1668 1047 1747 quamobrem
1072 1668 1155 1749 quod
1178 1669 1261 1732 inter
1283 1669 1434 1750 Lysandri

266 1768 394 1832 inventa
412 1766 561 1847 legimus:
584 1767 647 1848 ίκαὶ
664 1765 817 1849 μάγαδιν,
838 1765 897 1830 τὸν
910 1765 1112 1849 καλούμενον
1131 1765 1306 1851 συριγμόι”,
1330 1787 1438 1832 vereor

267 1885 307 1931 ne
329 1867 523 1930 scribendum
550 1868 608 1932 sit:
638 1867 692 1930 καὶ
714 1866 858 1949 μάγαδιν
879 1867 945 1930 καὶ
967 1868 1027 1931 τὸν
1048 1867 1248 1951 καλούμενον
1271 1867 1435 1951 συριγμόν.

351 1967 416 2031 Iam
440 1972 571 2048 apparet
593 1969 795 2034 Geraestium
818 1986 878 2031 non
902 1972 986 2032 recte
1010 1968 1207 2049 magadidem
1230 1987 1298 2034 cunr
1320 1968 1436 2048 flageo·

267 2066 345 2131 letto
375 2084 576 2148 comparare,
609 2085 676 2132 cum
700 2086 761 2131 non
784 2068 870 2131 acuti
892 2069 958 2131 soni
981 2069 1108 2148 edendi,
1140 2069 1194 2132 sed
1218 2073 1345 2132 acutum
1367 2086 1435 2133 eum

268 2167 356 2246 gravi
378 2167 469 2231 slmul
491 2166 669 2247 proferendi
692 2185 744 2231 ars
766 2167 941 2248 magadidis
962 2167 1110 2232 vocabulo
1126 2169 1289 2233 indicetur.
1330 2167 1437 2250 νιγλά-

267 2289 341 2346 ρους
368 2272 404 2330 ut
431 2265 536 2330 eodem
568 2267 659 2331 modo
689 2268 968 2349 interpretaretur,
998 2269 1172 2344 magadidIs
1202 2287 1270 2332 cum
1300 2269 1435 2348 syrigmo

267 2365 350 2446 apud
369 2365 589 2430 Philochorum
612 2366 807 2448 copulatione
829 2367 985 2432 adductus
1008 2373 1065 2446 cst,
1089 2386 1181 2448 quam
1206 2367 1434 2432 dissolvendam

267 2484 335 2530 esse
372 2466 506 2546 probare
539 2471 671 2530 conatus
698 2485 775 2532 sum.
826 2485 925 2548 neque
954 2467 1018 2532 ullo
1050 2468 1226 2532 testimonio
1257 2467 1434 2532 confirmari

267 2571 380 2646 potest,
403 2584 471 2629 cum
495 2565 673 2630 dIseesseris
695 2585 713 2629 a
735 2567 956 2649 monochordo,
979 2568 1061 2649 quod
1078 2587 1152 2632 raro
1166 2587 1244 2632 usus
1257 2567 1434 2632 scholastici

266 2667 416 2730 terminos
446 2666 670 2746 egrediebatur
701 2666 796 2748 (Ptol.
818 2667 848 2730 II
871 2670 935 2747 12),
974 2674 1006 2732 et
1039 2668 1183 2749 pandura
1219 2669 1434 2732 recentissima

268 2762 565 2848 (Geraert11242),
588 2767 723 2832 Graecos
745 2785 879 2847 unquam
904 2767 1010 2832 divisis
1033 2766 1156 2832 chordis
1177 2767 1282 2848 plures
1304 2767 1434 2848 singulis

267 2883 358 2929 sonos
387 2865 538 2931 elicuisse.
594 2868 654 2930 iam
686 2886 714 2931 v.
741 2866 802 2931 Ian
833 2867 885 2947 (de
906 2865 961 2931 fid.
984 2867 1036 2932 Gr.
1061 2887 1093 2948 p.
1117 2867 1169 2951 39)
1202 2875 1315 2933 contra
1345 2869 1434 2932 DrIe-

266 2965 406 3045 bergium
436 2969 557 3030 monuit
585 2966 677 3031 hulus
706 2966 829 3031 artificii
856 2987 916 3031 non
939 2973 1063 3032 exstare
1086 2969 1228 3048 vestigia.
1273 2973 1434 3033 exstarent

265 3083 350 3144 sane,
373 3067 398 3130 si
406 3084 482 3130 vera
493 3072 576 3130 esset
588 3067 759 3148 Spaldingii
770 3069 930 3132 sententia
948 3067 999 3150 (ad
1014 3067 1143 3144 Quintil.
1157 3069 1170 3132 I
1185 3068 1283 3149 12‚3).
1320 3070 1434 3133 etenim
1549 3077 1550 3080 ’

264 3166 475 3246 Quintilianus
494 3166 532 3231 de
551 3166 741 3231 citharoedis
757 3167 965 3247 psallentibus
983 3167 1075 3232 dicit:
1097 3167 1184 3248 talios
1197 3187 1309 3232 nervos
1322 3169 1434 3234 dextra

264 3270 471 3348 percurrunt,
502 3265 580 3329 alios
607 3266 697 3330 laeva
728 3266 860 3330 trahunt
889 3267 1049 3330 continent
1076 3267 1248 3350 praebent,
1277 3285 1337 3348 quo
1365 3268 1431 3334 loco

265 3365 417 3446 Spaldmg
443 3365 605 3446 praebere
631 3365 755 3429 nervos’
785 3367 1027 3446 interpretatur:
1069 3365 1200 3448 laxare,
1233 3373 1318 3430 totos
1347 3367 1431 3447 dare,

265 3464 410 3529 exhibere
439 3465 547 3546 quales
578 3471 610 3529 et
641 3465 753 3546 quanti
779 3469 869 3545 sunt,
900 3465 986 3529 nulla
1010 3465 1180 3546 digitorum
1204 3468 1432 3548 compressione

263 3569 386 3629 mutare
413 3582 523 3629 sonum
550 3565 675 3630 eorum'.
719 3570 754 3628 at
776 3565 935 3629 continere
962 3570 1069 3647 potest
1091 3565 1167 3645 dici,
1196 3569 1249 3648 qui
1276 3569 1431 3648 tangenda

262 3664 379 3729 chorda
408 3665 475 3730 soni
506 3671 644 3729 tenorem
675 3664 843 3748 praecidit,
880 3665 1048 3746 praebere,
1078 3667 1131 3746 qui
1161 3665 1291 3746 digitum
1323 3685 1430 3731 rursus

264 3769 398 3830 amovet.
451 3771 620 3846 utrumque
649 3767 736 3829 laeva
764 3765 937 3846 faciebant,
968 3783 1031 3846 qua
1059 3771 1226 3846 praeterea
1254 3765 1432 3847 psallebant

265 3863 338 3948 (hoo
367 3865 425 3929 sibi
453 3866 522 3930 vult
545 3865 697 3948 trahere,
729 3864 767 3930 cf.
789 3866 897 3930 anecd.
920 3865 1115 3930 Studemund
1137 3865 1231 3930 1229
1252 3865 1432 3946 εοἰνιιοπᾶν

266 3962 299 4026 οἱ
319 3965 474 4046 ῥυθμικοὶ
494 3965 533 4027 τὸ
558 3966 618 4038 τάς
637 3966 757 4047 χορδάς
777 3964 904 4048 κρούειν
926 3967 1038 4049 φασί),
1069 3983 1137 4029 eum
1160 3964 1270 4028 dextra
1291 3967 1433 4045 plectron

264 4067 420 4146 tenerent,
441 4082 504 4147 quo
525 4063 659 4129 chordas
678 4067 899 4147 percutiebant
920 4069 1049 4148 (optime
1069 4064 1242 4146 Spaldingii
1266 4064 1362 4129 editio
1378 4083 1431 4128 ex-

263 4163 350 4232 hibet
370 4165 578 4250 percutiunt,
599 4166 753 4230 incertum
775 4184 813 4231 an
836 4187 873 4233 ex
894 4168 992 4248 ipsius
1012 4165 1207 4237 coniectura3
1228 4164 1433 4246 <percurrunt’
