3244 4976
816 415 856 481 lu

255 597 379 665 transiit
410 594 453 672 (in
477 593 616 656 Platonis
641 593 736 656 hlaib.
761 595 773 658 Ι
795 595 888 660 1λ98
912 602 1071 676 tamquam
1098 597 1128 659 in
1153 595 1286 660 confinio
1309 611 1414 658 versa-

254 722 337 775 mur3
370 696 422 760 uhi
451 711 656 776 quamquam,
689 695 743 775 qui
775 695 1013 779 colloquuntur,
1045 695 1257 776 διαλέγεσθαι
1284 697 1411 759 invicem

254 801 346 867 ambo
368 798 527 875 dicuntur,
551 802 655 857 tamen
678 793 697 855 ὁ
715 793 940 876 διαλεγόμενος
962 801 994 859 et
1014 795 1032 856 ὁ
1052 794 1180 858 α’κούων
1201 802 1284 860 inter
1307 813 1341 858 se
1362 812 1415 874 op·

244 900 427 986 'ponuntur3
461 897 607 961 Socrates
635 895 702 974 ipse
728 895 942 976 διαλέγεσθαι
964 915 981 958 a
1006 895 1169 959 deliniendi
1192 895 1316 960 notione
1336 893 1416 974 c‹hoc-

252 1002 355 1082 λέγειν
377 997 461 1060 κατα
486 995 569 1078 ya‘sp'
597 995 720 1060 ductum
744 996 891 1059 censebat
912 995 991 1060 Xen.
1013 1015 1104 1060 mem.
1126 995 1168 1059 IV
1186 995 1215 1074 5,
1233 997 1293 1076 la),
1317 995 1361 1056 ita
1384 995 1414 1058 in

253 1099 450 1165 substantivo
480 1095 647 1166 διάλεκτος
676 1093 751 1156 nihil
779 1094 877 1171 inest,
916 1095 998 1175 quod
1029 1114 1089 1158 non
1119 1095 1194 1158 insit
1223 1095 1256 1158 in
1285 1093 1414 1174 simplici

251 1200 345 1264 verbo
373 1199 484 1278 λέγειν.
534 1197 642 1274 itaque
675 1193 721 1256 vel
752 1196 928 1259 universam
957 1197 1102 1276 loquendi
1133 1196 1289 1259 notionem
1318 1193 1414 1255 habet

249 1301 349 1378 (velut
372 1296 537 1377 Dionysius
558 1294 627 1358 Hal.
650 1295 687 1357 de
708 1313 733 1358 c.
757 1315 785 1359 n.
807 1314 837 1376 p.
858 1295 934 1358 58ss
962 1294 1131 1358 διαλέκτου
1152 1295 1247 1376 μέλος
1273 1291 1412 1374 appellat

250 1400 397 1463 minorem
428 1395 514 1459 illum
545 1395 626 1458 vocis
656 1395 819 1475 ambitum,
850 1413 911 1475 quo
937 1413 1039 1458 sermo
1067 1401 1202 1460 acantu
1226 1393 1350 1457 differat
1372 1429 1411 1438 -

248 1498 284 1564 cf.
309 1500 446 1563 Ariston.
470 1496 568 1559 harm.
591 1496 642 1558 19
674 1494 908 1575 διαλεγομένων
937 1495 998 1575 yolo
1026 1494 1118 1582 ἡμῶν
1147 1491 1246 1567 οὕτως
1275 1493 1295 1580 ἡ
1322 1491 1413 1575 φωνή

228 1603 382 1662 αινεῖται
406 1631 442 1641 -
466 1603 498 1658 et
527 1613 545 1657 a
575 1593 739 1657 Plutarcho
771 1595 843 1658 adv.
873 1593 939 1658 Col.
961 1594 1044 1671 225
1076 1593 1242 1668 διάλεκτος
1264 1623 1303 1647 =
1322 1591 1413 1674 λόγος

249 1700 287 1763 de
320 1699 464 1760 universo
493 1694 650 1757 hominnm
684 1712 826 1758 sermone
862 1696 1043 1775 usurpatur)
1072 1730 1110 1741 -
1140 1694 1188 1758 vel
1220 1695 1409 1774 singularem

249 1799 336 1864 unius
374 1795 506 1860 hominis
545 1799 602 1856 ant
638 1793 742 1874 populi
782 1793 927 1875 loquendi
959 1795 1214 1858 consuetudinem
1247 1792 1410 1872 significat.

248 1898 339 1963 Plato
355 1901 434 1976 [rep.
448 1895 475 1956 V
488 1900 548 1958 454
560 1893 612 1974 Α),
635 1911 703 1957 cum
721 1893 957 1958 altercationem
973 1895 1043 1959 utili
1055 1894 1259 1974 disputationi
1273 1894 1411 1975 opponit,

246 1996 349 2062 verbis
370 1997 483 2077 ἐρίζειν
506 2002 539 2058 et
560 1995 773 2074 διαλέγεσθαι
799 1994 1000 2074 aequalitatis
1028 1995 1134 2075 gratia
1156 2001 1318 2073 comparat
1338 1992 1410 2058 sub-

247 2098 386 2162 stantiva
417 2097 482 2175 ἔριν
513 2099 544 2156 et
573 2092 744 2156 διάλεκτον
772 2095 853 2173 πρὸς
881 2093 1055 2181 ἀλλήλους,
1084 2095 1136 2158 ubi
1161 2093 1327 2167 διάλεκτος
1348 2115 1408 2158 non

246 2197 306 2260 nisi
336 2195 470 2271 additiS,
501 2193 592 2275 trchg
623 2191 789 2279 ἀλλήλους’
820 2195 906 2258 verbi
939 2195 1150 2275 διαλέγεσθαι
1179 2195 1295 2259 vicibus
1324 2194 1408 2272 fungi

245 2296 360 2378 potuit.
405 2293 578 2358 Stallhaum
607 2293 646 2356 ad
674 2292 703 2356 h.
726 2293 745 2356 l.
775 2292 914 2357 conferre
942 2295 1031 2359 iubet
1059 2295 1201 2376 Sympos.
1224 2300 1283 2358 203
1296 2298 1331 2359 A.
1355 2296 1407 2359 sed

246 2414 325 2476 quae
344 2395 384 2457 ihi
400 2393 438 2456 de
451 2396 574 2472 Amore,
595 2394 647 2474 qui
668 2393 848 2474 interpretis
868 2394 949 2457 inter
965 2395 1039 2458 deos
1058 2393 1262 2477 hominesque
1279 2413 1408 2459 munere

244 2494 403 2574 fungatur,
435 2494 595 2557 dicuntur:
636 2492 692 2555 διοὲ
721 2492 838 2555 τούτου
868 2492 966 2557 ποῖσά
995 2495 1086 2559 ἐστιν
1113 2493 1134 2580 ἦ
1164 2493 1275 2575 ιῖμιλία
1305 2496 1359 2557 καῖ
1387 2495 1407 2578 ἡ

244 2593 410 2667 διάλεκτος
432 2597 524 2666 θεοῖς
546 2593 629 2672 πρὸς
648 2591 864 2675 ἀνθρώπους,
887 2593 1036 2657 vertenda
1059 2600 1146 2657 sunt:
1179 2613 1234 2675 per
1255 2593 1337 2658 hunc
1358 2594 1406 2658 del

244 2693 284 2756 ad
305 2693 444 2756 homines
467 2692 564 2754 verba
586 2691 720 2772 faciunt3
745 2693 889 2772 colloquii
911 2693 942 2756 in
965 2694 1040 2773 ipsis
1061 2693 1165 2757 verbis
1188 2697 1300 2757 mentio
1323 2695 1407 2758 nulla

243 2794 335 2859 inest.
378 2792 416 2856 cl.
438 2793 512 2871 Leg.
534 2792 563 2856 X
583 2796 641 2856 887
652 2792 689 2871 D,
720 2791 770 2856 ubi
801 2811 899 2873 puero
930 2793 1043 2856 dicitur
1069 2812 1105 2856 eo
1129 2793 1308 2872 persuaderi
1333 2795 1406 2858 deos

244 2911 321 2973 esse,
343 2893 422 2974 quod
446 2898 593 2972 parentes
617 2893 739 2956 videret
760 2895 853 2966 θεοῖς
872 2891 983 2971 εὐχαῖς
1004 2891 1331 2974 προςδιαλεγομένονς
1353 2893 1406 2956 καῖ

244 2991 402 3070 ἱκετείαις,
425 2993 464 3056 it.
482 2990 524 3056 lll
541 2994 601 3057 716
612 2991 658 3056 D:
681 2990 780 3055 θύειν
801 2991 856 3054 καὶ
874 2992 1079 3073 προςομιλεῖν
1097 2995 1164 3064 τοῖς
1182 2996 1275 3065 θεοῖς
1296 2993 1407 3074 εὐχαῖς

241 3093 295 3154 καῖ
322 3090 540 3174 ἀναθήμασιν
568 3091 622 3154 καὶ
654 3089 814 3174 ξυμπάσῃ
843 3095 1012 3174 θεραπείᾳ
1040 3093 1141 3155 θεοῖν.
1194 3092 1305 3172 quibus
1329 3092 1405 3157 locis

243 3190 455 3271 διαλέγεσθαι
476 3197 507 3254 et
532 3191 657 3271 ὁμιλεῖν
678 3191 807 3255 alterius
830 3196 951 3254 tantum
976 3193 1076 3271 partis
1099 3195 1184 3270 sunt,
1207 3209 1266 3253 non
1291 3192 1404 3254 utrius-

241 3308 311 3371 que.
358 3307 459 3370 neque
488 3290 578 3354 aliter
609 3294 647 3353 de
670 3289 719 3354 his
741 3290 867 3354 vocibus
892 3291 989 3353 sensit
1011 3289 1166 3354 Maximus
1190 3290 1323 3372 Tyrius,
1353 3293 1405 3373 qui

242 3389 395 3471 Symposii
425 3388 525 3452 locum
554 3390 695 3454 imitatus
718 3389 811 3472 (diss,
836 3390 871 3454 11
896 3407 922 3452 c.
940 3389 976 3466 8)
999 3407 1107 3469 preces
1134 3390 1305 3470 philosophi
1330 3390 1405 3454 dicit
1517 3361 1535 3387 ‘¹

241 3509 302 3553 non
326 3507 395 3553 esse
417 3487 547 3571 αἴτησιν
567 3491 633 3552 τοῖν
656 3487 694 3552 od
713 3487 897 3570 παρόντων,
927 3488 979 3552 sed
1008 3487 1139 3568 ὁμιλίαν
1160 3489 1212 3551 καὶ
1237 3489 1406 3553 διάλεκτον

240 3590 323 3672 πρός
344 3588 420 3662 τοῖς
441 3589 541 3662 θεοῖς
561 3589 638 3672 περὶ
658 3591 723 3651 τοῖν
744 3587 919 3669 παρόντων
939 3587 994 3650 καὶ
1017 3587 1176 3663 ἐπίδειξιν
1198 3592 1254 3674 τῆς
1272 3588 1406 3676 α’ρετῆς,·

240 3688 357 3753 scilieet
379 3687 559 3768 διαλέγεται
585 3688 788 3770 philosophus
810 3705 914 3752 coram
937 3687 1004 3750 deis
1025 3687 1063 3752 de
1084 3689 1201 3752 virtute
1224 3707 1287 3766 sua,
1313 3690 1404 3753 sicuti

240 3787 400 3868 sophistae
429 3788 513 3868 apud
542 3789 702 3854 auditores
732 3789 949 3868 διαλέγονται,
977 3806 1045 3852 cnm
1075 3788 1246 3851 orationem
1276 3787 1404 3869 hahent,

240 3905 301 3950 non
324 3887 544 3971 colloquuntur
565 3907 634 3953 cum
657 3890 710 3956 eis.
754 3890 836 3969 apud
859 3887 1022 3952 Platonem
1043 3887 1171 3950 Theaet.
1195 3885 1285 3949 llilB
1305 3885 1405 3950 Theo-

240 3986 336 4051 dorus
367 4005 428 4050 non
457 3987 524 4051 vult
547 3988 687 4054 Socratio
716 4007 804 4053 more
834 4006 867 4051 se
896 3986 1104 4068 interrogari,
1132 3987 1206 4067 quia
1232 3985 1272 4049 sit
1294 3986 1405 4074 α’ήθης

239 4087 295 4168 τῆς
315 4083 465 4169 τοιαύτης
488 4087 665 4168 διαλέκτου,
687 4089 737 4152 uhi
758 4104 946 4168 quamquam
967 4086 1004 4150 de
1023 4086 1174 4167 colloquio
1191 4085 1306 4167 agitur,
1327 4087 1403 4167 ipsis

240 4189 344 4248 tamen
377 4185 423 4248 his
455 4187 558 4252 verbis
587 4189 662 4253 nihil
695 4188 769 4251 dicit
791 4185 974 4250 Theodorus
1004 4186 1063 4248 nisi
1093 4187 1248 4250 insuetum
1276 4203 1309 4248 se
1334 4203 1404 4249 esse
