3244 4976
760 325 800 388 39

199 509 234 568 ut
262 503 437 568 Pindarum
468 511 594 568 cantum
623 521 713 568 suum
747 521 814 567 cum
848 497 972 567 ululatu
1001 518 1198 581 comparasse
1228 501 1364 582 credam,

198 603 283 668 hisce
302 605 451 684 exemplis
473 621 533 667 nou
557 603 714 678 adducor3
748 611 782 666 at
805 602 923 666 verosi
945 599 1189 679 meminerimuS,
1216 608 1364 682 quantam

196 721 365 783 praecones
410 704 441 767 iu
478 703 562 768 vocis
598 703 715 782 ingenti
751 700 966 781 magnitudine
1004 699 1199 780 assequenda
1235 719 1362 781 operam

197 803 371 882 posuerint,
393 821 455 866 non
478 802 509 866 in
532 821 567 866 eo
592 801 799 879 offendemus,
826 799 907 880 quod
929 797 1087 862 Pindarus
1110 801 1289 878 praeconis,
1311 803 1363 880 qui

196 907 351 966 recentem
381 903 543 966 victoriam
572 919 704 966 coronae
732 901 871 976 nuntiet,
902 915 1068 978 personam
1099 916 1196 977 agens
1226 918 1259 964 se
1288 900 1363 966 dicit

196 999 376 1082 dedendae.
419 1003 570 1066 victoriae
593 1002 736 1066 nuntium
753 1001 847 1064 etiam
871 999 906 1063 P.
927 1000 955 1076 8,
970 999 999 1062 4.
1012 1002 1038 1062 9.
1057 1003 1084 1062 2.
1122 998 1160 1063 Ν.
1180 1003 1207 1080 6,
1225 1003 1263 1062 611
1285 1001 1363 1082 agit,

198 1119 276 1184 quos
296 1101 381 1166 locos
401 1119 461 1166 non
485 1101 582 1179 magis
604 1101 676 1165 licet
696 1099 821 1180 proprie
842 1100 993 1179 accipere.

277 1200 420 1266 Liibbert
448 1200 566 1279 (Melet.
595 1200 633 1264 de
665 1199 749 1263 Pind.
780 1217 858 1262 nom.
889 1197 981 1278 Terp.
1012 1198 1061 1260 im.
1086 1197 1150 1260 lnd.
1173 1196 1243 1260 lect.
1275 1198 1361 1261 Bonn

196 1302 276 1365 1885
295 1319 325 1381 p.
345 1302 396 1378 25)
419 1301 576 1381 opinatur,
600 1299 683 1379 quod
706 1298 861 1362 Pindarus
884 1298 928 1360 sic
950 1297 1035 1378 loqui
1057 1297 1167 1374 soleat,
1188 1298 1279 1377 quasi
1297 1298 1362 1377 ipse

197 1399 300 1476 dicat,
324 1417 403 1480 quae
425 1399 537 1463 chorus
560 1398 696 1479 profert,
727 1397 798 1461 inde
820 1396 1034 1478 explicandum
1059 1415 1144 1478 esse,
1176 1397 1257 1477 quod
1280 1397 1361 1460 nomi

195 1517 320 1579 semper
348 1505 422 1564 ante
452 1499 646 1563 Timotheum
675 1499 742 1561 sine
774 1497 858 1560 ebori
889 1514 947 1577 ope
976 1497 1071 1560 solius
1097 1496 1266 1560 citharoedi
1289 1514 1362 1559 voce

196 1599 317 1662 cantati
339 1600 420 1674 sint;
444 1598 525 1679 qnod
547 1599 591 1678 eis
615 1597 858 1678 relinquendum,
881 1597 934 1677 qui
958 1597 1060 1660 adhuc
1077 1595 1211 1660 credunt
1225 1596 1361 1677 aliquam

195 1698 349 1761 rationem
382 1699 465 1762 inter
498 1715 607 1762 nemos
642 1704 674 1761 et
709 1698 836 1761 Pindari
873 1698 1010 1760 carmina
1043 1696 1245 1760 intercedere.
1301 1715 1361 1759 non

196 1796 376 1861 citharoedo
407 1799 546 1877 nomico,
578 1797 631 1860 sed
659 1797 773 1861 aetatis
802 1797 907 1876 epicae
928 1796 1026 1860 aoede
1049 1814 1083 1860 se
1106 1795 1260 1859 Pindarus
1282 1813 1361 1858 eom-

196 1903 299 1978 parat.
344 1915 411 1961 cum
442 1915 475 1960 se
505 1897 591 1961 iubet
618 1897 828 1978 pbornringem
860 1894 896 1957 de
926 1895 1012 1958 clavo
1039 1895 1161 1959 demere
1184 1894 1361 1974 (Ο.1,18),

196 1997 362 2061 Demodoci
386 1997 596 2074 recordamur,
620 1998 708 2061 cuius
731 2014 825 2077 supra
847 2002 942 2076 caput
964 1995 1031 2078 lyra
1047 1994 1084 2059 de
1099 1996 1188 2060 clavo
1203 1993 1361 2075 pendebat

197 2096 260 2174 (od.
283 2101 312 2175 8,
335 2095 399 2177 67).
443 2113 631 2178 quamquam
652 2096 701 2160 bic
723 2096 848 2178 quidem
872 2095 981 2159 credat
1003 2095 1116 2175 aliquis
1134 2095 1303 2158 Pindarum
1326 2112 1360 2156 re

196 2213 270 2258 vera
308 2195 458 2260 citharam
496 2196 673 2276 pulsantem
706 2196 797 2258 choro
830 2194 1011 2274 praefuisse.
1067 2196 1222 2259 translata
1255 2199 1360 2257 autem

193 2294 370 2359 huiusmodi
394 2294 538 2358 dictionis
562 2296 609 2358 vis
630 2295 657 2358 Ο
677 2299 705 2373 9,
729 2299 765 2357 13
796 2294 959 2358 manifesta
991 2301 1051 2358 est.
1103 2295 1143 2358 ibi
1172 2313 1240 2358 sese
1270 2303 1362 2357 vocat

192 2394 313 2475 α’νδρὸς
332 2393 420 2476 α’μφὶ
440 2395 671 2476 παλαίσμασιν
690 2394 835 2477 φόρμιγγ’
854 2393 1043 2472 ἐλελίζοντα.
1088 2393 1248 2476 φόρμιγγα
1263 2393 1361 2457 ἐλελί-

196 2497 259 2571 ζειν
281 2498 382 2557 totum
404 2511 528 2557 carmen
548 2495 677 2573 eiusque
692 2501 909 2571 argumentum
925 2495 1151 2575 complectitur,
1175 2500 1210 2557 ut
1221 2494 1360 2558 additum

194 2591 283 2674 appi
304 2592 382 2655 παλ.
407 2591 517 2668 docet;
541 2611 603 2674 qua
624 2593 726 2673 ligura
750 2595 775 2657 is
798 2595 843 2658 uti
865 2600 984 2675 potest,
1007 2595 1060 2676 qui
1083 2600 1179 2658 totrrm
1202 2595 1268 2674 ipse
1289 2613 1360 2675 pro-

192 2690 271 2771 fert,
302 2711 370 2756 cum
393 2692 484 2755 simul
507 2692 632 2772 pulsat,
654 2698 709 2756 aut
730 2691 821 2770 fingit
843 2693 951 2757 saltem
974 2694 1055 2759 bunc
1076 2695 1203 2758 canendi
1225 2695 1358 2776 modum,

192 2809 253 2853 non
284 2791 327 2866 ia,
357 2792 407 2870 qui
434 2791 474 2854 ad
497 2790 623 2855 chorum
646 2798 807 2856 canentem
830 2791 936 2856 fidium
959 2799 1085 2857 cantum
1109 2793 1247 2858 adhibet.
1290 2812 1360 2874 per-

192 2890 263 2954 inde
278 2891 477 2956 iudicandum
497 2891 535 2955 de
552 2891 589 2955 N.
602 2898 630 2969 4,
642 2897 699 2956 44:
710 2889 895 2978 Ι(ἐξύφαινε,
915 2893 1055 2973 γλυκεῖα,
1075 2895 1129 2956 καὶ
1150 2893 1219 2956 τόδ’
1232 2894 1360 2975 αὐτίκα,

193 2990 342 3072 φόρμιγξ,
445 2991 558 3071 μέλοξ.
601 2992 760 3056 demodis
783 2993 914 3071 cogitari
938 2995 1061 3073 nequit,
1086 2994 1200 3074 quippe
1223 2995 1275 3074 qui
1298 2995 1358 3058 iam

195 3095 315 3154 sextum
338 3089 396 3154 boe
417 3090 483 3154 loco
505 3096 691 3171 repetantur
714 3090 765 3173 (cl.
790 3091 880 3155 Dion.
904 3091 973 3156 Hal.
997 3093 1035 3155 de
1057 3111 1083 3157 c.
1107 3113 1133 3157 v.
1158 3092 1220 3175 19),
1243 3093 1297 3156 sed
1321 3094 1359 3157 de

195 3196 380 3269 argumento
408 3209 532 3267 eorum,
561 3208 641 3271 quae
670 3198 858 3273 sequuntur,
891 3211 1002 3256 novum
1031 3193 1108 3256 illud
1130 3193 1224 3275 μέλος
1246 3194 1358 3256 intelli-

193 3290 326 3368 gendum
350 3295 409 3352 est.
459 3289 621 3369 postulare
650 3295 755 3352 autem
785 3310 804 3354 a
828 3292 965 3373 cithara,
997 3298 1031 3357 ut
1053 3297 1125 3358 novi
1146 3293 1264 3374 aliquid
1288 3313 1359 3374 pro-

189 3388 288 3466 ferat,
318 3390 344 3452 is
365 3395 487 3452 tantum
511 3394 634 3469 potest,
663 3390 717 3470 qui
738 3391 851 3456 fidibus
873 3392 1085 3473 praeludendo
1108 3395 1244 3458 animum
1269 3413 1358 3458 suum

190 3487 231 3551 ad
254 3506 310 3567 ea,
341 3506 421 3571 quae
443 3506 537 3569 porro
559 3488 692 3553 dicenda
712 3498 802 3572 sunt,
824 3493 955 3568 excitat3
987 3493 1118 3573 perinde
1139 3495 1223 3573 apud
1246 3500 1358 3574 poetas

191 3586 365 3666 bucolicos,
401 3589 474 3668 quia
509 3593 652 3667 pastores
682 3588 807 3653 fistulae
840 3610 933 3655 sonos
965 3593 1049 3655 inter
1079 3594 1222 3656 carminis
1253 3601 1358 3673 partes

191 3686 440 3766 interponebant,
462 3692 497 3750 ut
513 3685 551 3750 de
571 3689 774 3770 sequentibus
794 3691 938 3753 meditari
956 3697 1092 3771 possent,
1115 3691 1153 3755 ab
1170 3694 1237 3772 ipsa
1252 3692 1359 3756 fistula

191 3804 299 3849 versus
328 3786 454 3866 prodire
485 3786 632 3850 dicuntur
662 3788 712 3866 (cf.
735 3788 828 3869 Verg.
853 3790 906 3855 ecl.
932 3797 978 3872 10,
998 3796 1045 3855 34.
1076 3794 1102 3871 1,
1121 3795 1149 3854 2.
1163 3798 1190 3857 5.
1218 3793 1297 3856 Voss
1318 3793 1357 3856 ad

189 3885 243 3950 ecl.
268 3889 297 3963 8,
317 3883 412 3966 81)).
455 3885 612 3950 Pindarus
632 3887 732 3968 igitur
753 3907 824 3952 cum
846 3891 927 3972 agit,
951 3891 1004 3974 qui
1027 3909 1197 3972 versusex
1220 3900 1359 3974 tempore

192 3995 386 4004 --———-

260 4033 285 4099 1)
315 4032 392 4098 Quod
420 4031 535 4087 Horatio
562 4034 678 4088 Alcaeus
708 4036 790 4102 ‘uiola
814 4036 879 4090 belli
903 4038 1007 4106 plectro
1032 4040 1118 4091 sonert'
1144 4041 1176 4108 (c.
1197 4040 1220 4103 2,
1244 4040 1283 4104 13,
1304 4041 1358 4104 26),

188 4118 290 4190 plectri
308 4119 421 4174 eaedem
438 4122 531 4188 partes
547 4124 612 4175 suut
629 4137 661 4174 ac
678 4121 787 4176 fistulae
807 4123 881 4193 apud
898 4129 1030 4192 pastores,
1050 4141 1113 4177 uam
1128 4126 1233 4195 plectro
1247 4125 1358 4184 iunceis
