3244 4976
217 1237 251 1333 Ι.
290 1237 353 1336 llo
380 1234 665 1357 polyphonia
694 1237 739 1333 ot
768 1232 964 1334 dialecto
993 1236 1258 1334 aromatica.
1301 1263 1303 1268 ’

675 1413 820 1422 ...η-

245 1493 281 1557 ln
300 1494 378 1556 artis
397 1491 555 1571 vocabula,
577 1510 657 1575 quae
676 1491 715 1556 ad
734 1510 797 1556 rem
810 1491 958 1556 musicam
970 1497 1091 1556 veteres
1107 1491 1326 1572 adhibuerunt,

164 1593 395 1657 accuratissime
418 1593 575 1675 inquirere
596 1599 630 1656 et
653 1593 812 1656 notionem
834 1610 944 1656 eorum
967 1597 1056 1656 caute
1080 1592 1327 1656 circumscribere

163 1712 199 1758 co
229 1693 328 1772 magis
360 1711 486 1757 necesse
514 1700 579 1770 est,
614 1691 696 1773 quod
726 1692 909 1775 plerumque
931 1694 962 1756 in
990 1692 1039 1756 bie
1061 1692 1155 1756 rebus
1179 1692 1328 1756 vocabula

163 1794 229 1859 sola
251 1800 387 1872 exstant,
409 1811 477 1857 cum
501 1793 648 1874 exemplis
671 1793 710 1856 ad
725 1794 786 1856 vim
807 1811 913 1857 eorum
930 1792 1139 1857 definiendam
1157 1810 1326 1856 careamus.

162 1913 283 1960 errores
306 1912 341 1958 eo
361 1893 482 1958 facilius
503 1902 692 1972 naseuntur,
721 1893 802 1973 quod
826 1895 998 1974 permultae
1019 1893 1131 1957 harum
1155 1911 1261 1957 vocum
1284 1892 1325 1955 ad

163 1995 240 2059 baec
265 2000 404 2075 tempora
422 2001 614 2074 manserunt,
638 1993 690 2059 sed
709 2012 838 2074 prorsus
856 1993 919 2058 alia
937 2013 1019 2058 nuuc
1036 1992 1213 2073 significant
1230 2001 1325 2072 atque

163 2094 245 2158 olim.
295 2093 400 2176 itaque
432 2113 539 2158 eorum
571 2095 730 2159 temeritas
762 2094 969 2176 improbanda
997 2099 1063 2174 est,
1098 2094 1151 2178 qui
1179 2094 1327 2174 antiquae

163 2195 296 2258 musicae
329 2194 491 2274 tribuunt,
531 2214 612 2276 quac
646 2200 773 2260 nostrae
805 2195 931 2276 propria
962 2200 1052 2276 sunt,
1094 2194 1169 2258 solis
1202 2193 1327 2256 vocibus

163 2301 341 2359 nostrarunl
365 2295 518 2360 similibus
540 2296 600 2360 nisi
624 2315 686 2360 non
708 2296 887 2377 perquisitis
910 2295 1063 2376 cisione,
1086 2294 1199 2377 quibus
1220 2311 1326 2357 earum

163 2395 246 2474 apud
275 2399 396 2459 veteres
426 2396 473 2459 vis
499 2395 650 2460 illustrari
672 2397 780 2476 possit.
821 2397 853 2459 in
875 2395 923 2460 his
945 2401 995 2460 est
1017 2392 1201 2476 Rudolphus
1224 2393 1326 2458 West-

163 2494 246 2574 phaI,
268 2495 331 2577 qui,
356 2513 424 2560 cum
444 2496 658 2578 πολυφωνίαν
673 2498 807 2562 musicae
829 2496 914 2577 apud
932 2501 1052 2561 veteres
1072 2494 1166 2559 tribui
1186 2493 1326 2571 vidisset,

164 2611 225 2656 non
248 2593 402 2659 dubitavit
426 2614 493 2659 eant
516 2596 569 2674 illi,
592 2616 684 2680 quarn
708 2615 763 2659 nos
786 2613 869 2659 nunc
887 2593 1105 2677 polyphoniam
1124 2593 1325 2674 appellamus,

163 2692 336 2774 imputare;
370 2713 439 2759 cum
471 2695 641 2759 διάλεκτον
673 2697 950 2760 instrumentorum
979 2700 1251 2759 commemoratam
1280 2694 1326 2756 in-

161 2795 308 2874 venisset,
332 2795 439 2858 statim
458 2795 511 2859 illa
531 2815 638 2861 vocum
652 2795 803 2879 colloquia
816 2793 1021 2876 polyphoniae
1032 2793 1170 2876 propria,
1192 2812 1324 2876 quorum

162 2893 349 2974 praecipuae
371 2894 403 2957 in
426 2894 523 2958 modis
546 2894 694 2960 faciendis
718 2894 792 2958 inde
815 2912 834 2957 a
857 2894 1049 2958 Batavorum
1069 2893 1190 2957 demum
1210 2892 1325 2956 saeculi

162 2991 270 3056 decimi
293 2993 394 3073 quinti
419 2992 559 3058 artificiis
582 3001 688 3075 partes
705 2996 840 3075 fuerunt,
863 2993 971 3057 iamin
991 2992 1211 3077 antiquissima
1229 2991 1325 3056 Grac·

161 3108 267 3155 corum
288 3092 405 3157 musica
427 3092 584 3156 exstitisse
606 3112 661 3173 pro
682 3099 766 3156 certo
786 3092 904 3156 habuit.

244 3190 320 3254 (lum
344 3192 383 3254 ad
406 3197 491 3256 recte
513 3193 738 3257 aestimandam
756 3193 871 3257 veteris
893 3191 1028 3257 musicae
1048 3190 1181 3256 indolem
1199 3191 1324 3255 maximi

161 3292 307 3354 momenti
336 3292 396 3368 sit,
428 3292 503 3375 quid
527 3294 564 3356 de
588 3292 783 3377 πολυφωνίᾳ
804 3298 946 3356 veterum
967 3293 1100 3371 sentias,
1130 3310 1192 3354 non
1214 3292 1324 3356 inutile

160 3395 237 3470 puto
264 3390 321 3454 has
352 3390 431 3455 duas
450 3410 541 3456 voces
564 3392 666 3456 denuo
687 3398 869 3472 percutere,
900 3392 1085 3474 praesertim
1108 3411 1176 3456 eum
1196 3393 1239 3470 ie,
1270 3393 1324 3472 qui

161 3490 338 3570 nuperrime
367 3490 405 3553 de
433 3491 480 3554 bis
502 3491 597 3556 rebus
620 3492 784 3556 sanissima
805 3496 914 3556 contra
936 3490 1164 3572 Westphalium
1187 3491 1325 3573 protulit,

160 3587 325 3655 Gubrauer
357 3591 399 3669 (in
428 3591 740 3656 commentationibus
764 3592 901 3656 Martino
926 3591 1023 3656 Hertz
1047 3591 1200 3654 dedicatis
1221 3591 1324 3655 Berol.

163 3689 243 3753 1888
253 3708 283 3770 p.
297 3692 355 3754 169
366 3689 426 3773 sq.)
446 3690 558 3753 leviter
574 3710 639 3755 rem
656 3693 874 3772 perstrinxerit
889 3708 988 3773 neque
1006 3709 1058 3754 eos
1078 3691 1161 3754 locos
1173 3691 1324 3768 attulerit,

158 3787 271 3870 quibus
292 3791 464 3853 certissime
484 3789 661 3854 confirmari
684 3798 822 3871 possent,
845 3809 925 3873 quae
946 3792 1013 3872 ipse
1035 3797 1120 3854 recte
1138 3791 1323 3871 suspicatur.

241 3887 329 3964 Quod
360 3889 433 3953 olim
461 3889 662 3954 crediderunt
684 3890 820 3955 Graecos
843 3891 1007 3954 unisonam
1031 3895 1153 3953 tantum
1175 3891 1323 3954 musicam

159 3985 304 4051 babuisse
334 3990 531 4054 orientalium
564 3997 689 4054 nostrae
721 3992 837 4056 aetatis
858 3991 1043 4072 populorum
1075 4009 1177 4072 more,
1212 3990 1323 4055 falsam

157 4085 238 4150 hanc
256 4088 429 4167 opinionem
450 4108 518 4153 esse
535 4109 604 4153 cum
625 4089 677 4154 alii
695 4091 931 4171 contenderunt,
952 4095 1018 4154 tum
1035 4090 1217 4154 certissimis
1230 4108 1324 4171 argu-

158 4187 271 4249 mentis
294 4187 457 4270 Westpbai
481 4190 717 4255 demonstravit.
767 4190 908 4255 canentis
930 4191 1011 4254 enim
1033 4209 1092 4254 vox
1114 4208 1184 4256 cum
1206 4193 1322 4258 instru-

212 4318 286 4368 torm,
300 4320 335 4368 E.)
1151 4316 1164 4370 1
