3244 4976
834 309 874 374 10

267 487 366 570 λύρας
387 485 597 570 ὑπαρχούσης
614 487 671 561 ἕως
686 483 731 560 εἷς
745 485 959 568 Τέρπανδρον
974 485 1032 549 τὸν
1048 484 1249 550 Ἀντισσαῖον
1264 484 1432 572 διέρριψεν

271 587 316 663 εἰς
332 589 486 662 πλείονας
502 586 684 671 φθόγγονςῖ
724 585 887 667 Westphal
905 587 1028 650 scribit:
1051 573 1150 668 μόνον
1243 585 1434 672 διέρριψαν.’

270 689 324 754 sed
355 707 453 770 neque
483 687 584 752 tribus
612 687 673 752 illis
696 705 797 767 neque
817 686 874 752 soli
896 686 1061 750 Timotheo
1084 687 1178 750 tribui
1201 692 1322 767 potest,
1351 684 1432 766 quod

269 789 387 852 eisdem·
408 789 510 852 verbis
534 787 700 866 (πλείονας
715 821 755 832 -
777 787 916 865 πλείοσι,
939 786 1168 874 διέρριψαν-
1190 786 1432 866 διερριμμένοις)

270 906 366 970 supra
390 889 471 952 baso
494 887 691 951 adscribitur.
741 887 846 967 itaque
870 885 1061 966 Volkmann,
1094 885 1169 966 quia
1197 903 1277 948 unus
1307 891 1430 948 tantum
1518 919 1523 930 ·

269 995 390 1068 septem
412 986 595 1052 chordarum
617 1005 779 1052 numerum
801 987 921 1068 primus
943 1004 1059 1064 augere
1081 985 1194 1066 potuit,
1216 983 1293 1050 haec
1310 1002 1432 1066 quoque

268 1088 310 1151 ad
330 1088 445 1152 Lasum
470 1086 632 1151 referenda
650 1088 775 1167 putavit
798 1095 830 1150 et
849 1086 962 1150 verba:
985 1073 1088 1168 εοὗτος
1106 1087 1167 1168 γάρ
1261 1083 1432 1169 φθόγγους

268 1189 390 1251 omissis
419 1187 538 1250 verbis:
567 1185 635 1269 ιἕως
658 1183 703 1260 εἰς
805 1185 1015 1251 Ἀντισσαῖον
1044 1189 1074 1251 in
1102 1186 1217 1253 finee.
1239 1188 1279 1254 89
1306 1188 1431 1268 posuit3

268 1286 453 1351 Volkmanni
471 1288 623 1351 rationem
637 1285 801 1352 Guhrauer
815 1286 848 1369 (l.
859 1287 879 1350 l.
900 1289 979 1352 1888
995 1306 1025 1368 p.
1041 1287 1112 1368 182)
1128 1288 1250 1369 probat.
1283 1289 1313 1350 in
1328 1287 1432 1351 verbis

266 1388 334 1470 ‘dioc
361 1385 405 1460 εῖς
430 1387 643 1467 Τέρπανδρον
668 1388 726 1450 τὸν
746 1387 955 1452 Ἀντισσαῖον
986 1389 1052 1452 iure
1083 1386 1214 1452 offendit
1236 1388 1430 1464 Volkmann3

267 1505 367 1568 neque
396 1487 567 1568 quidquam
597 1487 775 1569 proficimus
797 1492 856 1567 eis,
886 1506 968 1570 quae
991 1488 1154 1570 Westphal
1176 1491 1336 1572 proponit:
1366 1489 1433 1570 ιἕως

266 1586 311 1661 εἰς
330 1587 581 1670 Ἀριστοκλείδιγν
604 1587 850 1672 Τερπάνδρειον
869 1589 927 1653 τόν
946 1588 1172 1666 ἈντισσαῖονἸ
1203 1608 1275 1653 nem
1305 1592 1331 1654 si
1360 1590 1431 1652 Ari-

168 1699 169 1704 ’
267 1687 416 1752 stoclides
439 1689 558 1769 primus
581 1688 652 1769 plus
674 1695 794 1769 septem
810 1687 941 1753 chordas
957 1688 1109 1769 adhibuit,
1130 1689 1236 1770 quidni
1248 1691 1314 1770 ipse
1325 1690 1430 1771 potius

268 1805 362 1866 quam
394 1795 456 1851 tres
486 1788 528 1851 illi
560 1787 735 1878 διαρρῖψαι
760 1788 805 1861 εἰς
831 1788 985 1863 πλείονας
1007 1787 1169 1872 φθόγγους
1193 1789 1331 1854 dicitur?
1377 1787 1429 1851 sed

268 1904 350 1967 quae
379 1885 554 1950 Volkmann
585 1891 652 1968 ipse
680 1888 861 1969 proposuit:
896 1891 1022 1969 Λᾶσος
1051 1888 1186 1952 πλείοσί
1213 1911 1249 1950 ιε
1279 1886 1433 1971 φθόγγοις

268 1986 322 2048 καῖ
343 1986 575 2068 διερριμμένοις
595 1985 766 2074 ἐχρήσατο,
789 1977 882 2062 οὗτος
902 1989 976 2070 γδρ
1086 1988 1253 2077 διέρριψεν
1275 1985 1319 2060 εἰς
1341 1990 1430 2051 πλεί-

218 2149 221 2158 ,
267 2109 343 2159 ονας
371 2084 554 2168 φθόγγους,
586 2089 710 2152 minime
736 2087 862 2152 ferenda
894 2095 977 2152 sunt.
1030 2087 1171 2167 equidem
1207 2087 1237 2150 in
1275 2093 1342 2150 toto
1373 2086 1430 2150 hoc

267 2187 445 2249 enuntiato:
474 2173 577 2267 totiaoc
597 2184 659 2270 γάρ
681 2185 712 2268 (i.
731 2207 758 2252 e.
781 2187 976 2270 Timotheus)
998 2225 1038 2234 -
1061 2186 1234 2270 φθόγγους
1260 2187 1429 2267 interpola-

268 2287 345 2348 toris
373 2303 498 2348 manum
527 2304 678 2367 agnosco,
706 2287 760 2367 qui
781 2269 939 2367 vulgatam
967 2287 1160 2366 opinionem,
1190 2305 1252 2369 qua
1274 2288 1376 2350 omnia
1398 2288 1429 2351 in

267 2385 386 2448 musica
417 2403 513 2466 usque
546 2386 585 2449 ad
618 2385 746 2450 Pindari
770 2392 803 2450 et
835 2386 980 2468 Aeschyli
1011 2387 1125 2449 aetatis
1157 2385 1248 2449 finem
1282 2403 1361 2466 pura
1397 2392 1429 2449 et

265 2491 375 2547 sancta
405 2483 502 2548 fuisse
535 2485 761 2566 credebantur,
799 2486 959 2550 Plutarchi
992 2484 1057 2548 loco
1090 2484 1258 2549 inculcavit
1288 2486 1429 2566 quamvis

265 2585 453 2647 contrariam
478 2585 532 2662 eis,
553 2603 633 2665 quae
657 2586 695 2649 de
717 2585 799 2649 Laso
822 2586 1000 2650 traduntur.
1046 2586 1104 2650 iste
1125 2591 1229 2649 autem
1253 2587 1301 2648 vir
1320 2585 1429 2648 doctus

266 2701 328 2745 non
357 2701 466 2764 tusque
489 2684 537 2746 οδ
566 2684 621 2748 sed
648 2684 730 2766 tinde
751 2685 779 2748 a'
802 2685 984 2765 Terpandro
1007 2685 1234 2765 septiohordem
1255 2686 1353 2766 lyram
1377 2703 1429 2747 us-

265 2801 324 2862 que
354 2782 394 2845 ad
424 2783 619 2848 Timotheum
655 2785 805 2848 intactam
840 2784 933 2848 luisse
963 2785 1160 2865 opinabatur.
1209 2785 1425 2864 Terpandrum

265 2882 344 2944 enim
366 2883 498 2962 primum
523 2889 639 2964 septem
666 2884 791 2948 chordis
813 2903 905 2948 usum
928 2886 1091 2948 ossellam
1114 2884 1301 2964 pervulgata
1324 2884 1428 2964 opinio

263 2980 330 3058 fuit,
356 2981 394 3045 ci.
416 2983 507 3064 Terp.
530 2983 591 3064 frg.
614 2987 643 3048 5.
691 2985 758 3065 ,ἕως
783 2982 828 3058 εἰς
856 2985 904 3050 T?
933 2985 1016 3048 haud
1049 2986 1111 3048 scio
1141 3003 1180 3047 an
1210 2984 1427 3066 corrigendum

264 3098 325 3143 non
349 3082 398 3158 sit,
423 3082 605 3146 albuciani
627 3084 704 3148 diss,
726 3103 794 3148 cnm
817 3084 954 3148 Hesiodo
972 3102 996 3148 c.
1013 3087 1040 3160 l,
1062 3083 1114 3146 ubi
1138 3083 1293 3147 Hesiodus
1315 3083 1428 3146 dicitur

264 3182 511 3261 &animavertere
532 3181 738 3266 διηγούμενος
758 3179 783 3248 δι’
786 3207 852 3266 χρι
872 3183 1009 3248 καὶτῶν
1029 3182 1168 3267 πρώτων
1183 3183 1314 3246 ἐκείνων
1328 3181 1428 3262 χάους

261 3281 316 3343 καὶ
335 3283 390 3366 γῆς
410 3284 476 3358 eles

346 3406 451 3486 Longe
480 3424 498 3468 a
526 3405 649 3486 vulgari
678 3407 738 3470 ista
768 3407 891 3472 ratione
922 3426 982 3471 uno
1013 3409 1161 3489 temporis
1191 3410 1289 3475 limite
1312 3411 1424 3476 bonam

264 3513 296 3570 et
319 3512 497 3587 corruptam
521 3507 668 3570 musicam
691 3507 904 3587 distinguendi
926 3526 963 3572 ea
988 3508 1182 3590 discrepant,
1205 3529 1283 3591 quae
1304 3511 1425 3575 Aristo·

262 3624 377 3683 xenos,
409 3607 435 3669 si
463 3607 553 3670 modo
584 3607 628 3670 illi
660 3607 739 3672 haec
767 3607 938 3688 debentur,
970 3608 1009 3671 de
1038 3610 1172 3674 musicae
1198 3601 1443 3675 mutationibus

263 3705 370 3770 tradit.
413 3707 557 3770 absoluta
586 3707 666 3770 enim
696 3707 979 3771 vetustissimorum
1009 3709 1268 3774 incrementorum
1300 3728 1423 3774 enumc-

262 3807 384 3870 ratione
407 3805 490 3889 (28,l
515 3841 552 3852 -
573 3807 620 3884 29,
631 3808 662 3887 2)
692 3806 790 3870 Lasos
816 3807 906 3886 quasi
929 3808 1049 3888 primus
1076 3810 1211 3874 musicae
1233 3809 1425 3891 depravator

261 3905 427 3969 inducitur.
469 3907 584 3969 etenim
607 3925 668 3969 una
687 3925 756 3970 cum
770 3906 845 3970 Lasi
861 3909 1017 3972 mentione
1034 3907 1072 3972 de
1089 3907 1250 3972 tibicinum
1266 3908 1423 3990 superbia,

262 4021 344 4087 quae
373 4004 478 4068 eodem
509 4012 648 4085 tempore.
677 4009 719 4086 (v.
743 4007 850 4087 supra)
879 4009 1011 4089 primum
1041 4008 1180 4086 exstitit,
1212 4009 1306 4072 verba
1327 4008 1423 4090 fiunt;

260 4101 490 4185 Melanippidae
518 4112 622 4172 autem
652 4107 797 4192 inventa,
830 4125 964 4196 quorum
992 4107 1108 4172 acerba
1130 4107 1233 4171 irrisio
1257 4106 1339 4171 infra
1361 4127 1421 4172 non
