3244 4976
766 337 807 402 43

198 515 247 579 his
269 516 441 580 nominibus
464 515 539 579 nihil
562 517 850 596 magisanrbiguum
873 521 971 592 esset,
995 514 1241 595 heptachordum
1261 520 1366 578 tamen

202 615 409 681 aTheoerito
440 634 518 696 nego
547 634 683 696 unquam
711 618 851 698 potuisse
879 614 1037 699 βάρβιτον
1060 611 1264 694 πολύχορδον
1296 613 1368 679 dici.

201 716 351 797 quoniam
374 734 447 780 vero
468 715 516 778 vel
539 723 614 778 ante
626 715 783 780 Theocriti
804 723 946 797 tempora
966 715 1100 792 luerunt,
1124 715 1175 795 qui
1200 714 1231 777 iu
1253 731 1288 776 rc
1301 733 1366 778 mu-

199 815 263 878 sica
293 819 434 879 veterum
457 814 676 894 investiganda
700 834 826 897 operam
854 823 1023 896 ponerent,
1054 831 1154 893 neque
1183 819 1276 894 poeta
1299 815 1368 878 hle-

199 914 370 978 xandrinus
394 912 620 990 corrrmittebat,
642 920 676 977 ut
696 915 818 979 indocte
841 914 1010 995 quidquam
1032 913 1196 994 proferret,
1220 914 1285 978 iure
1308 914 1367 978 hoc

200 1012 382 1076 concludere
413 1013 487 1076 mihi
510 1013 615 1077 videor
636 1032 674 1076 ne
694 1013 756 1077 illis
779 1015 904 1095 quidem
926 1012 1117 1093 temporibus
1147 1014 1184 1076 de
1211 1013 1366 1077 translata

198 1113 377 1176 huiusmodi
406 1112 490 1192 apud
518 1112 629 1193 lyricos
658 1112 799 1177 diationis
829 1115 859 1176 vi
890 1113 1028 1176 homines
1059 1113 1169 1177 doctos
1194 1112 1364 1177 dubitasse.

202 1212 254 1276 sed
279 1210 458 1275 difficillima
480 1212 578 1274 omnis
609 1211 646 1276 de
665 1230 794 1276 numero
824 1211 1007 1276 chordarum
1036 1213 1179 1292 quaestio
1203 1218 1261 1278 cst.
1305 1212 1369 1276 lor-

203 1317 287 1376 tasse
318 1310 539 1391 polychordiae
569 1311 671 1376 odium
693 1311 831 1376 Platonis
861 1313 984 1376 demum
1008 1312 1150 1389 somniis,
1180 1313 1233 1392 qui
1257 1331 1316 1374 non
1336 1313 1366 1374 in

200 1410 266 1474 sola
295 1429 329 1473 re
350 1410 468 1474 musica
498 1409 641 1474 obsoleta
668 1412 847 1493 adamavit,
879 1411 927 1474 vel
954 1412 1078 1475 omniuo
1107 1411 1188 1475 illius
1220 1412 1367 1492 temporis

199 1507 390 1590 philosophis
413 1507 560 1590 debetur,
583 1510 636 1589 qui
660 1511 865 1574 vetustissimi
889 1511 1051 1574 cuiusdam
1074 1517 1178 1574 status
1202 1511 1367 1590 imaginem

199 1617 303 1673 mente
331 1615 511 1688 conceptam
548 1609 692 1674 solebant
721 1611 902 1691 amplexari.
952 1627 1024 1672 nam
1052 1628 1134 1692 quae
1164 1610 1366 1674 Pherecrates

197 1711 291 1791 (Plut.
314 1709 352 1772 de
375 1727 454 1773 inus.
477 1727 502 1772 c.
522 1708 574 1791 30)
598 1710 637 1774 de
661 1709 870 1789 hlelanippide
896 1716 928 1772 et
955 1709 1118 1773 Timotheo
1146 1709 1238 1774 dicit:
1261 1707 1369 1790 ιχαλα-

198 1817 342 1891 ρωτέραν
362 1810 499 1891 ἐποίησε
542 1809 618 1888 (scil.
641 1806 899 1894 τήνΜουσικήν)
922 1809 1055 1890 χορδαῖς
1076 1808 1215 1871 δώδεκα
1236 1817 1268 1872 et
1287 1807 1369 1888 ,οἷνέ-

200 1909 280 1973 λοσε
307 1908 441 1989 χορδαῖς
468 1904 615 1989 δώδεκα,
646 1907 850 1990 explicatione
880 1908 981 1974 adhuc
1011 1919 1104 1989 egent
1132 1910 1230 1990 (sicut
1258 1908 1367 1972 obscu-

197 2009 320 2072 rissima
348 2007 386 2072 de
411 2007 569 2088 Phrynide
595 2007 706 2072 verba:
733 2009 779 2088 εἐν
801 2014 902 2072 πέντε
926 2009 1059 2092 χορδαῖς
1071 2007 1186 2088 δώδεχ’
1208 2007 1367 2090 ἁρμονίας

200 2108 320 2190 spur),
350 2113 517 2188 propterea
539 2125 593 2171 eos
614 2108 805 2187 vituperari,
837 2109 921 2191 quod
946 2108 1155 2174 duodenarum
1181 2109 1366 2172 chordarum

201 2206 330 2271 citharis
360 2207 409 2270 usi
433 2207 509 2286 sint,
538 2225 597 2270 non
619 2206 723 2271 credo.
767 2208 940 2272 recentiore
962 2215 1067 2273 autem
1089 2215 1228 2290 tempore
1250 2206 1365 2271 effemi-

201 2312 308 2370 natam
332 2306 465 2369 musicae
488 2307 645 2370 mollitiem
667 2308 775 2388 (quam
797 2327 815 2370 a
836 2307 1048 2389 Melanippide
1074 2310 1189 2389 eisque,
1219 2308 1272 2387 qui
1295 2325 1363 2371 cnm

200 2405 255 2470 hoc
277 2405 415 2484 luerunt,
437 2405 498 2468 iam
520 2407 665 2486 aequales
682 2407 883 2488 repetebant)
906 2413 938 2472 et
954 2409 1138 2472 chordarum
1161 2408 1231 2488 plus
1246 2412 1365 2486 septem

198 2524 287 2569 usum
317 2523 377 2568 non
407 2505 663 2586 destiuguebant3
695 2506 775 2570 undo
804 2508 865 2570 ista
894 2508 932 2571 de
960 2507 1126 2571 Timotheo
1156 2505 1262 2570 l'abula
1292 2505 1366 2568 eriri

197 2605 306 2684 potuit,
329 2604 458 2685 quaein
482 2605 662 2670 Aristoxeni
686 2605 860 2669 doctrinam
883 2607 963 2671 male
980 2607 1107 2687 irrepsit
1129 2606 1211 2685 apud
1225 2604 1308 2668 Plut.
1327 2604 1365 2667 de

196 2723 277 2769 mus.
299 2725 325 2768 c.
348 2705 388 2768 30
409 2703 450 2786 (v.
474 2707 590 2784 supra).
637 2706 857 2770 Aristoxenum
881 2725 953 2770 vero
986 2707 1127 2788 quamvis
1149 2701 1367 2785 polychordiae

198 2803 299 2867 taedio
321 2822 380 2867 non
404 2822 535 2867 vacuum
558 2804 597 2868 de
618 2804 715 2868 initiis
734 2806 799 2869 eius
822 2806 953 2869 meliora
976 2807 1120 2870 edoctum
1149 2822 1216 2867 esse
1238 2821 1275 2866 ex
1299 2802 1365 2880 ipso

198 2902 250 2966 illo
273 2903 437 2967 Plutarchi
459 2904 525 2967 loco
544 2922 642 2984 supra
665 2904 854 2984 collegimus

281 3002 349 3066 Alia
371 3004 482 3067 statim
503 3004 691 3083 comparatis
714 3005 769 3082 eis,
790 3022 868 3084 quos
891 3023 987 3084 supra
1009 3003 1269 3082 enumeravimus
1294 2999 1365 3062 Pin-

199 3101 266 3164 dari
287 3102 360 3166 locis
390 3102 534 3186 quaestio
555 3103 663 3168 oritur.
706 3105 821 3167 etenim
844 3104 1000 3168 Pindarus
1022 3102 1113 3166 mode
1135 3099 1285 3180 singulari
1308 3117 1367 3160 nu·

200 3218 283 3264 mero
314 3201 464 3265 citharam
499 3208 531 3265 et
562 3203 668 3266 tibiam
703 3202 795 3268 affert
836 3202 885 3286 (0.
914 3205 960 3283 10,
994 3207 1042 3266 94.
1070 3201 1109 3267 N.
1134 3208 1161 3280 9,
1189 3201 1241 3282 8),
1274 3197 1365 3262 mode

196 3299 306 3379 plurali
332 3306 499 3384 utramque
514 3301 558 3383 (J.
576 3301 660 3384 b(4),
679 3303 746 3382 Pi),
766 3305 814 3368 uel
839 3303 933 3367 tibias
953 3302 1076 3383 plurali,
1096 3302 1246 3366 citharam
1263 3301 1367 3376 singu·

173 3399 256 3468 ¹lari
276 3398 325 3477 (Ο.
349 3401 378 3477 3,
398 3405 426 3464 8.
450 3402 479 3479 7,
504 3401 567 3482 12).
599 3402 645 3465 vel
672 3403 809 3467 citharas
840 3401 922 3466 solas
948 3402 1060 3481 plurali
1089 3400 1141 3483 (Ο.
1164 3402 1192 3480 P,
1212 3403 1262 3466 5⁶2.
1286 3399 1318 3462 P.
1339 3400 1367 3469 1,

198 3496 262 3579 97).
307 3499 433 3562 Croiset
456 3500 608 3580 (Pindare
628 3508 661 3566 et
683 3503 727 3565 les
749 3502 807 3566 lois
830 3501 870 3565 du
892 3502 1015 3604 lyrisnge
1048 3519 1121 3581 grec
1149 3501 1239 3564 Paris
1273 3497 1363 3579 laco)

199 3597 289 3660 huius
312 3598 499 3663 discriminis
521 3601 667 3664 admonet
689 3620 718 3681 p.
741 3604 781 3665 93
813 3607 845 3665 et
874 3601 998 3665 dubium
1022 3619 1089 3665 esse
1111 3605 1231 3677 censet,
1260 3607 1363 3663 utrum

199 3699 369 3778 coruplures
390 3697 528 3764 fidicines
557 3701 604 3763 vel
625 3701 765 3764 tibicines
796 3701 842 3764 his
861 3700 1048 3764 carminibus
1069 3699 1198 3780 agendis
1219 3698 1365 3761 affuerint

196 3815 236 3859 an
261 3796 392 3877 pluralis
414 3799 568 3864 rhetorice
597 3801 717 3880 positos
749 3801 801 3864 sit.
845 3806 879 3863 at
904 3819 975 3863 vero
994 3799 1151 3863 Pindarus
1177 3820 1237 3864 non
1261 3800 1364 3880 potuit

194 3895 387 3960 deThcrone
404 3897 521 3962 dicere:
542 3908 672 3982 ίπρέποι
693 3920 743 3962 νιν
764 3898 867 3980 rapat
889 3898 1159 3981 avyxa't'apav’‚(0.
1178 3901 1286 3980 252),
1307 3900 1364 3963 nisi

197 3995 299 4075 ipsum
318 4013 441 4059 carmen
458 3996 654 4082 Olympicum
664 3999 699 4076 ll,
725 3999 809 4078 quod
821 3997 869 4062 his
884 3998 987 4063 verbis
999 4000 1173 4080 respicitur,
1191 3999 1364 4079 complures

197 4094 332 4156 citharas
348 4095 704 4162 accinenteshabuisset.
735 4105 842 4161 eontra
856 4098 938 4178 quod
953 4098 1060 4177 hae
1080 4100 1173 4164 llicit:
1196 4098 1275 4179 ιἀλλ’
1297 4099 1363 4162 aaa
