3244 4976
863 335 902 399 18

299 513 502 600 ornamentis
523 534 584 580 vox
603 514 742 579 humana
764 513 796 578 in
813 513 951 579 canendo
972 513 1077 595 habet,
1098 531 1168 578 cum
1182 511 1347 577 intervalla
1361 516 1464 576 trans-

298 615 404 680 siliens
426 615 457 680 in
481 615 611 695 singulis
635 615 717 679 tonia
743 613 935 696 aliquamdiu
959 621 1118 693 moratur,
1147 612 1185 678 cl.
1208 613 1342 677 Ariston.
1364 611 1461 674 harm.

299 713 411 795 el.18;
434 733 514 797 quae
535 714 667 778 moratio
688 711 854 787 α’πόταοις
875 719 934 792 est,
956 732 1018 796 qua
1040 720 1151 778 cantus
1175 731 1302 794 aprosa
1322 712 1463 776 oratione

298 812 424 896 differt).
476 815 518 898 τῇ
543 817 607 896 μὲν
637 802 696 877 οὖν
733 811 951 877 οἷποτάσει
987 813 1025 875 τό
1057 813 1094 876 ἐν
1122 815 1163 897 τῇ
1197 815 1289 896 φωνῇ
1318 813 1464 892 μιμεῖται

297 913 438 994 μέλος,
460 918 501 998 τῇ
522 914 560 977 δὲ
580 916 646 976 τῶν
666 907 753 1000 ἤχων
775 912 950 978 διαστάσει
971 913 1031 1000 τήν
1053 911 1278 976 διάλεκτον
1299 916 1371 984 ταῖς
1391 910 1465 974 συλ-

296 1013 413 1095 λαβαῖς
434 1014 649 1098 διωρισμέοην
678 1015 697 1076 i.
720 1032 747 1077 e.
777 1012 909 1077 diversis
938 1015 1023 1078 sonis
1053 1013 1198 1093 deinceps
1228 1011 1391 1090 iungendis
1418 1011 1465 1074 in-

297 1120 472 1177 strumenta
503 1113 620 1179 musica
654 1113 782 1178 humani
815 1114 967 1178 sermonis
1000 1113 1194 1196 (διαλέκτου)
1234 1111 1464 1175 similitudinem

297 1211 444 1277 efficiunt.

382 1311 461 1376 Aliis
486 1317 626 1376 veterum
651 1311 736 1394 locis,
759 1312 813 1377 ubi
834 1313 1026 1394 comparatio
1049 1313 1132 1376 vocis
1155 1312 1310 1376 humanae
1332 1329 1399 1374 cum
1422 1311 1468 1373 in·

298 1413 484 1477 strumentis
514 1411 706 1491 instituitur,
741 1411 945 1476 confirmatur
975 1411 1057 1494 quod
1090 1412 1306 1476 contendimus
1335 1415 1468 1492 propter

297 1509 379 1575 hanc
409 1511 607 1592 potissimum
639 1509 819 1576 facultatem
849 1511 1020 1576 διάλεκτον
1050 1511 1095 1575 eis
1125 1512 1229 1576 tribui.
1279 1512 1364 1574 velut
1390 1511 1467 1574 Por-

297 1609 426 1694 phyrius
446 1629 478 1691 p.
503 1615 561 1674 223
584 1610 678 1675 dicit:
708 1611 747 1674 τό
778 1611 918 1694 φυσικὸν
943 1613 1077 1692 πνεῦμα
1098 1610 1154 1675 διαὶ
1175 1613 1231 1692 τῆς
1252 1611 1405 1693 ἀρτηρίας
1426 1608 1468 1683 οἷς

297 1709 338 1772 δι’
361 1709 465 1774 αὐλοῦ
492 1712 624 1789 ἔξεισιν,
654 1715 886 1795 σχηματίζεται
915 1711 953 1774 de
982 1711 1050 1775 ὑπὸ
1076 1713 1131 1794 τῆς
1160 1709 1302 1794 γλοίττης
1331 1709 1371 1783 m‘g
1399 1713 1466 1783 τοῖς

298 1808 468 1884 δακτύλοις
486 1810 524 1873 τό
544 1808 741 1893 ἐμφύσημα,
769 1811 936 1891 digitorum
960 1811 1057 1890 igitur
1077 1816 1213 1890 motum,
1235 1829 1296 1892 quo
1320 1828 1465 1874 sonorum

297 1910 328 1972 in
361 1909 439 1974 tibia
466 1910 605 1976 varietas
636 1908 786 1991 eflicitur,
815 1930 883 1976 curn
912 1912 1039 1992 linguae
1060 1916 1146 1975 motu
1168 1915 1342 1990 comparat,
1372 1927 1464 1992 qnam

297 2010 492 2091 potissimam
510 2009 680 2074 διαλέκτου
695 2008 882 2075 effectricem
895 2012 1081 2076 Aristotcles
1096 2011 1218 2075 statuit.
1257 2007 1341 2089 quod
1352 2008 1466 2072 Lucius

298 2108 474 2172 Tarrhaeus
497 2109 618 2190 (anecd.
639 2109 738 2176 Onon.
758 2111 800 2174 lV
817 2111 890 2192 308)
914 2115 947 2175 et
970 2109 1203 2175 choerohoscus
1226 2107 1338 2190 (Belrk.
1359 2107 1466 2171 anecd.

297 2208 418 2289 11703)
441 2208 625 2289 προςῳδίαν
652 2210 734 2289 apud
765 2211 900 2274 musicos
924 2228 994 2274 esse
1016 2210 1122 2275 dicunt
1143 2210 1181 2272 cd
1202 2207 1312 2290 στόμα
1332 2209 1386 2270 καὶ
1407 2207 1467 2291 τήν

298 2305 483 2391 excarnata
511 2310 577 2370 τῶν
607 2307 724 2388 αὐλῶν,
755 2316 886 2390 apparet
919 2309 968 2374 hic
998 2326 1121 2390 quoque
1151 2307 1340 2387 singularem
1374 2308 1467 2371 tibiae

297 2408 447 2489 cuiusque
470 2408 537 2472 soni
558 2407 693 2472 indolem
715 2413 748 2472 et
771 2409 860 2491 quasi
879 2408 1048 2472 διάλεκτον
1064 2408 1241 2473 nominibus
1259 2407 1297 2472 ab
1309 2407 1465 2472 hominum

297 2523 442 2572 sermone
471 2509 636 2574 translatis
666 2509 813 2589 nota1·i¹).
865 2528 923 2574 nee
951 2528 1013 2573 non
1041 2508 1153 2573 fidibus
1175 2526 1235 2571 vox
1257 2513 1467 2589 comparatur,

297 2605 394 2670 veluti
416 2607 529 2672 Pollux
549 2609 579 2672 ll
599 2612 667 2672 105.
684 2612 741 2671 114
763 2608 913 2689 linguam,
935 2628 1004 2674 cum
1025 2626 1132 2673 vocem
1152 2607 1335 2687 distinguat,
1357 2606 1467 2687 plectri

298 2705 417 2770 vicibus
439 2705 527 2786 fungi
551 2706 635 2771 dicit.
679 2708 804 2772 uberius
826 2709 909 2772 vocis
933 2707 1090 2771 humanae
1114 2724 1182 2770 cum
1201 2711 1335 2787 utroque
1350 2707 1467 2770 instru-

296 2813 402 2869 mento
434 2804 671 2871 similitudinem
704 2807 884 2888 exsequitur
914 2806 1059 2872 Meletias
1096 2805 1244 2880 (Cramer
1272 2807 1379 2870 anecd.
1408 2805 1466 2870 Ox.

297 2903 337 2968 lll
354 2903 473 2986 Saso).

379 3003 487 3085 Neque
506 3023 580 3070 vero
597 3006 848 3087 praetereundus
858 3006 1016 3071 Diomedis
1031 3005 1228 3085 grammatici
1240 3004 1323 3068 locus
1347 3003 1419 3087 (vol.
1437 3003 1467 3068 ll

298 3120 326 3184 p.
350 3105 412 3168 420
434 3102 533 3187 Keil),
565 3105 634 3186 qui,
663 3113 828 3188 postquam
857 3105 896 3169 de
927 3107 1011 3170 vocis
1043 3105 1231 3170 articulatae
1260 3109 1292 3168 et
1320 3104 1467 3169 confusae

369 3277 395 3344 1)
419 3277 561 3345 οροςῳδιας
585 3277 662 3332 notio
686 3295 742 3332 non
768 3279 895 3347 expletur
913 3277 1156 3348 grammaticorum
1176 3295 1243 3342 usu,
1270 3277 1317 3346 qui
1337 3279 1467 3332 accentus

297 3359 412 3430 spiritua
431 3377 575 3417 mensurae
594 3365 675 3418 notas
692 3364 744 3418 hac
762 3382 829 3419 voce
846 3365 1013 3434 significant.
1052 3367 1096 3417 lat
1115 3366 1162 3432 τῆς
1179 3366 1372 3434 οροςφοοήοοος
1390 3381 1466 3417 usur-

297 3447 359 3516 pari
377 3447 506 3517 Aeschyli
525 3448 578 3518 frg.
598 3450 649 3503 339
668 3451 813 3514 docemur,
838 3452 872 3505 de
889 3454 974 3506 cantu
993 3453 1057 3520 πρὸς
1075 3455 1189 3521 κιθάραν
1207 3470 1225 3507 a
1244 3452 1355 3506 Polluce
1372 3449 1412 3504 IV
1426 3451 1468 3504 64.

296 3541 458 3604 χειρονομίαν
477 3534 558 3589 addit
576 3535 695 3591 Zonaras
715 3537 782 3591 1583
802 3538 838 3607 (v.
849 3537 943 3607 Steph.
954 3538 1018 3606 lex.)
1037 3538 1151 3593 fortasse
1169 3538 1236 3607 quia
1254 3538 1366 3592 saltatio
1384 3537 1466 3608 gesti·

297 3619 348 3674 bus
372 3620 501 3676 similiter
524 3621 692 3676 articulatur
716 3640 749 3677 ac
773 3640 862 3677 sermo
888 3627 1018 3678 accentus
1045 3627 1074 3678 et
1101 3641 1242 3678 mensurae
1266 3625 1468 3679 observatione.

296 3705 378 3761 Plato
396 3711 490 3762 autem
508 3725 565 3777 rep.
583 3708 626 3762 III
644 3709 728 3763 399A
747 3714 875 3776 φθόγγους
892 3732 919 3762 τε
938 3713 980 3762 καὶ
996 3712 1137 3780 neocellae
1157 3711 1226 3774 eius,
1253 3711 1299 3779 qui
1321 3712 1351 3765 in
1368 3709 1469 3781 pugnis

297 3794 326 3846 et
343 3794 473 3862 periculis
492 3798 624 3860 versetur,
643 3795 748 3850 imitari
767 3797 834 3852 dicit
848 3797 1020 3853 harmoniam
1031 3797 1161 3852 doricam.
1198 3797 1470 3868 quoloeoreoocodtm

297 3878 371 3933 idem
391 3879 551 3950 significant
568 3885 654 3952 atque
672 3899 766 3950 voces;
786 3890 868 3947 στόμα
886 3901 950 3939 vero
969 3887 999 3939 et
1017 3885 1153 3951 ἐκοώνηοις
1170 3883 1318 3953 peculiaris
1338 3883 1471 3951 cuiusque

297 3980 377 4020 voees
395 3966 495 4020 edendi
518 3969 689 4024 consuetudo
707 3973 749 4025 est
766 3987 817 4025 nec
835 3970 929 4028 differt
946 3988 964 4026 a
982 3973 1111 4040 διαλέκτῳ,
1130 3972 1270 4038 qnatenus
1287 3969 1337 4024 illa
1355 3967 1471 4038 singulis

297 4050 455 4108 hominibus
478 4052 623 4113 tribuitur.
660 4073 724 4111 cum
748 4057 793 4111 his
818 4058 900 4124 facit,
925 4059 998 4126 quod
1016 4057 1134 4111 Zonaras
1152 4056 1169 4109 l.
1186 4056 1204 4110 l.
1226 4058 1368 4129 οροςῳδιαο
1385 4055 1468 4109 inter-

297 4141 427 4206 pretatur
445 4141 556 4210 o'nror'ron
572 4144 665 4210 φωνήν.
