3244 4976
760 356 798 420 31

196 535 283 599 nulla
311 534 454 600 iectionis
483 535 637 600 uarietate
665 535 803 600 indicata
825 535 910 616 apud
936 533 1090 599 Halmium
1112 533 1244 619 legitur,
1278 537 1362 618 quod

197 636 300 699 minus
330 643 403 717 apte
433 635 586 699 trahendo
616 634 811 717 opponitur),
848 637 955 717 itaque
992 635 1030 698 de
1062 635 1193 700 diuersis
1225 638 1362 703 eiusdem

198 733 330 799 chordae
352 736 435 799 sonis
457 754 496 799 ne
518 735 567 799 hic
590 735 715 814 quidem
739 735 813 799 licet
835 735 982 814 cogitare.

282 853 369 929 Quod
401 855 427 918 si
458 853 652 934 quaerimuS,
690 869 825 936 quonam
864 851 924 915 alio
957 851 1049 916 modo
1078 852 1172 917 tibias
1203 855 1367 934 psallendo

200 970 336 1032 aequare
365 953 543 1032 potuerint,
573 952 709 1016 tortasse
738 950 878 1014 eiusdem
908 951 977 1015 soni
998 951 1158 1016 celerrima
1180 955 1368 1033 repetitione

201 1053 291 1116 unius
315 1062 347 1116 et
367 1053 504 1116 continui
525 1051 602 1129 soni,
625 1051 732 1132 quales
749 1050 846 1114 tibiae
858 1051 963 1130 edunt,
986 1051 1154 1116 similitudo
1167 1051 1368 1132 efficiebatur,

181 1169 299 1238 ,neque
326 1151 373 1214 ita
402 1152 527 1216 diuersa
553 1157 622 1215 erat
648 1150 726 1214 haec
745 1149 896 1231 psallendi
919 1150 1001 1214 ratio
1022 1169 1040 1214 a
1063 1152 1243 1232 teretismo,
1272 1172 1365 1236 quem

198 1251 372 1332 Bryennius
394 1257 426 1314 et
447 1252 629 1332 anonymus
653 1249 843 1314 describunt.
886 1251 970 1331 quod
994 1251 1019 1315 si
1043 1257 1233 1330 statuamus,
1261 1251 1366 1317 Photii

200 1351 366 1432 explicatio
376 1351 577 1434 ,ccquedoo
590 1349 767 1432 capaciter?
789 1350 906 1430 optime
927 1368 996 1414 cum
1018 1352 1098 1415 artis
1120 1352 1278 1416 vocabulis
1296 1370 1366 1416 con-

200 1451 325 1515 sentiat.
375 1452 429 1514 sed
460 1457 532 1516 utut
562 1451 728 1532 νιγλάρους
754 1450 1010 1530 interpretandos
1042 1468 1164 1530 censeo,
1200 1449 1365 1516 artificium

199 1548 355 1614 fidicinum
368 1550 519 1631 indicant,
542 1551 591 1614 cui
608 1550 812 1614 teretismatis
829 1567 941 1614 nomen
963 1549 1017 1613 illo
1039 1557 1122 1614 certe
1144 1549 1255 1615 latiore
1273 1569 1366 1616 sensu

202 1667 297 1730 supra
319 1649 464 1730 indicato,
486 1667 547 1730 quo
569 1669 689 1714 omnem
712 1649 921 1713 effeminatam
944 1651 1091 1714 musicam
1115 1650 1279 1730 significat,
1302 1652 1367 1715 iudi

200 1755 335 1830 poterat.
376 1767 447 1814 nam
476 1751 623 1815 tibiarum
653 1749 851 1814 artificiosam
881 1750 1088 1814 imitationem
1117 1750 1272 1814 artissime
1297 1767 1369 1814 con-

200 1850 336 1914 iunctam
365 1849 459 1914 fuisse
487 1869 554 1914 oum
577 1856 764 1930 augescente
786 1849 946 1915 modorum
971 1850 1099 1914 mollitie
1122 1856 1366 1914 consentaneum

202 1955 265 2025 est;
292 1950 330 2012 de
353 1965 414 2029 qua
436 1968 506 2014 cum
528 1957 736 2034 quererentur
759 1951 873 2014 veteris
896 1949 1077 2014 severitatis
1098 1957 1259 2031 amantes,
1282 1951 1367 2030 ipsas

203 2048 296 2112 tibias
320 2048 574 2115 detestabantur.

285 2149 410 2228 Optime
446 2150 542 2230 igitur
577 2150 660 2214 inter
691 2166 724 2213 se
755 2149 944 2227 concinunt,
979 2166 1061 2228 quae
1088 2148 1216 2214 Photius
1248 2147 1366 2213 attulit.

202 2248 282 2328 quod
312 2249 337 2312 si
368 2249 510 2332 νίγλοιροι
537 2250 577 2314 ab
604 2269 640 2314 eo
662 2250 808 2315 dicuntur
828 2250 1041 2335 κρουματικῆς
1062 2249 1231 2312 διαλέκτου
1252 2244 1368 2331 ὄνομα,

204 2347 278 2410 illud
309 2349 501 2413 ostendimus
530 2349 688 2413 hominum
724 2366 814 2414 voces
843 2348 894 2414 iric
924 2368 984 2412 non
1015 2349 1143 2430 respici,
1179 2367 1236 2414 nec
1265 2351 1369 2415 minus

203 2453 335 2528 apparet
364 2449 402 2512 de
432 2467 469 2513 ea
500 2449 634 2514 dialecto
666 2449 855 2527 cromatica,
887 2466 980 2528 quam
1003 2447 1165 2528 Westphal
1187 2448 1247 2513 sibi
1269 2448 1369 2530 finxit,

204 2547 335 2625 cogitari
366 2549 491 2612 omnino
522 2567 582 2612 non
615 2566 723 2629 posse;
755 2548 809 2614 sed
838 2548 1005 2628 singularis
1039 2566 1131 2612 sonos
1161 2549 1369 2614 instrumento

204 2646 344 2710 eliciendi
363 2647 471 2712 modus
494 2648 544 2712 vel
565 2667 603 2712 ea
624 2649 711 2729 quasi
724 2650 809 2712 vocis
826 2647 956 2726 indoles,
979 2665 1071 2728 quam
1085 2647 1216 2713 artificio
1232 2650 1369 2730 quodam

203 2743 279 2810 fides
301 2747 466 2827 accipiunt,
490 2747 548 2812 hoc
566 2749 690 2820 nomine
711 2747 915 2827 significatur.

286 2863 351 2926 Iam
379 2864 572 2929 redeundum
601 2870 651 2929 est
679 2865 719 2928 ad
748 2863 907 2929 Plutarchi
939 2862 977 2926 de
1006 2861 1124 2926 musica
1152 2861 1307 2941 libellum,
1338 2863 1370 2926 in

205 2962 293 3028 cuius
325 2964 426 3044 capite
458 2968 496 3028 36
531 2964 682 3030 dialectos
716 2963 840 3028 auletae
877 2966 1144 3027 commemoratur.
1205 2962 1254 3024 hic
1284 2961 1371 3028 locus

205 3063 318 3127 mendo
339 3063 481 3144 laborat,
509 3081 570 3144 quo
592 3069 784 3144 quantopere
805 3061 1032 3126 sententiarum
1055 3077 1190 3124 conexus
1211 3060 1373 3141 perturbe-

206 3167 272 3240 tur,
302 3163 352 3227 vel
372 3181 410 3227 ex
429 3162 608 3244 Westphali
628 3162 901 3243 interpretationis
924 3160 1019 3224 nimia
1042 3159 1236 3225 obscuritate
1258 3177 1371 3239 cogno-

206 3260 312 3324 scitur.
355 3263 461 3342 itaque
482 3262 541 3326 hoc
560 3264 692 3344 primum
708 3261 868 3327 Plutarchi
891 3261 979 3325 locus
999 3260 1183 3339 purgandus
1200 3265 1257 3324 est.
1302 3261 1372 3324 dri-

206 3364 354 3425 stoxenus
377 3367 501 3440 c.,32,2
525 3363 664 3444 dixerat,
692 3380 760 3426 cum
784 3367 849 3426 tres
872 3367 979 3425 essent
1000 3366 1107 3440 partes
1131 3361 1267 3424 musicae
1289 3359 1371 3438 (scil.

206 3457 386 3524 harmonica
408 3461 560 3543 rythmice
583 3463 721 3541 metrica,
743 3461 779 3526 61.
796 3461 878 3525 Plut.
900 3460 937 3523 de
955 3479 1033 3524 nius.
1051 3459 1249 3540 edWestph.
1261 3479 1292 3540 p.
1307 3459 1372 3541 11),

204 3560 353 3624 musicum
376 3560 489 3625 debere
512 3563 645 3643 peritum
669 3579 738 3625 esse
760 3561 814 3622 καὶ
832 3564 888 3647 τῆς
901 3558 1026 3632 τούτοις
1040 3568 1204 3641 χρωμένης
1213 3557 1374 3646 ποιήσεως

204 3659 259 3720 καὶ
287 3662 343 3744 τῆς
371 3659 541 3743 ἑρμηνείας
569 3663 625 3742 τῆς
653 3659 697 3724 τά
725 3672 934 3743 πεποιημένα
955 3658 1240 3742 παραδιδούσηςῑ).
1286 3677 1310 3722 6.
1333 3660 1372 3722 36

205 3761 518 3838 negatdristoxenus
542 3761 679 3840 partium
703 3778 782 3841 quae
805 3759 948 3824 ferantur
970 3760 1048 3822 artis
1072 3759 1207 3821 musicae
1228 3758 1373 3837 peritiam

208 3857 350 3922 sulficere
373 3859 411 3922 ad
435 3859 631 3925 iudicandam
653 3861 812 3924 musicam.
862 3858 911 3922 Δι’
933 3856 972 3931 ἃς
995 3858 1024 3919 δ’
1046 3856 1153 3930 αἰτίας
1175 3855 1232 3937 οὐχ
1255 3848 1326 3922 οἷόν
1346 3859 1374 3918 τ’

271 4053 296 4123 1)
317 4054 351 4107 of.
371 4055 489 4110 musicae
509 4055 647 4125 practicae
664 4063 801 4126 χρηστικόν
821 4059 849 4110 et
869 4055 1039 4120 ἐξαγγελτικὸν
1056 4059 1130 4124 elleos
1149 4054 1194 4107 Ar·
1216 4053 1375 4122 (1111111111,

203 4141 245 4193 vel
265 4141 315 4196 ἑῖιν
334 4145 475 4210 πρακτικήν
492 4144 533 4192 nal
551 4145 684 4212 ποιητικήι
705 4145 793 4196 Anon.
814 4143 880 4200 Bell.
