<?xml version="1.0" encoding="UTF-8"?>
<!DOCTYPE html PUBLIC "-//W3C//DTD XHTML 1.0 Transitional//EN"
    "http://www.w3.org/TR/xhtml1/DTD/xhtml1-transitional.dtd">
<html xmlns="http://www.w3.org/1999/xhtml" xml:lang="en" lang="en">
 <head>
  <title>
</title>
<meta http-equiv="Content-Type" content="text/html;charset=utf-8" />
  <meta name='ocr-system' content='tesseract 3.04.00' />
  <meta name='ocr-capabilities' content='ocr_page ocr_carea ocr_par ocr_line ocrx_word'/>
</head>
<body>
  <div class='ocr_page' id='page_1' title='image "./degraecourmvete00grafgoog_0016.png"; bbox 0 0 3244 4976; ppageno 0'>
   <div class='ocr_carea' id='block_1_1' title="bbox 857 375 878 438">
    <p class='ocr_par' dir='ltr' id='par_1_1' title="bbox 857 375 878 438">
     <span class='ocr_line' id='line_1_1' title="bbox 857 375 878 438; baseline 0 0"><span class='ocrx_word' id='word_1_1' title='bbox 857 375 878 438; x_wconf 81' lang='lat'><em>8</em></span> 
     </span>
    </p>
   </div>
   <div class='ocr_carea' id='block_1_2' title="bbox 261 551 1426 1529">
    <p class='ocr_par' dir='ltr' id='par_1_2' title="bbox 261 551 1426 1529">
     <span class='ocr_line' id='line_1_2' title="bbox 344 551 1423 635; baseline -0.005 -17"><span class='ocrx_word' id='word_1_2' title='bbox 344 553 391 618; x_wconf 89' lang='lat' dir='ltr'>Ne</span> <span class='ocrx_word' id='word_1_3' title='bbox 421 554 489 635; x_wconf 88' lang='lat' dir='ltr'>quis</span> <span class='ocrx_word' id='word_1_4' title='bbox 518 562 621 618; x_wconf 89' lang='lat' dir='ltr'>autem</span> <span class='ocrx_word' id='word_1_5' title='bbox 651 553 798 633; x_wconf 85' lang='lat' dir='ltr'>miretur,</span> <span class='ocrx_word' id='word_1_6' title='bbox 830 552 912 635; x_wconf 87' lang='lat' dir='ltr'>quod</span> <span class='ocrx_word' id='word_1_7' title='bbox 936 553 1029 616; x_wconf 89' lang='lat' dir='ltr'>istam</span> <span class='ocrx_word' id='word_1_8' title='bbox 1052 551 1297 632; x_wconf 81' lang='lat' dir='ltr'>polychordiam,</span> <span class='ocrx_word' id='word_1_9' title='bbox 1329 569 1423 631; x_wconf 89' lang='lat' dir='ltr'>qnam</span> 
     </span>
     <span class='ocr_line' id='line_1_3' title="bbox 261 651 1423 734; baseline -0.003 -16"><span class='ocrx_word' id='word_1_10' title='bbox 261 655 352 719; x_wconf 88' lang='lat' dir='ltr'>Plato</span> <span class='ocrx_word' id='word_1_11' title='bbox 384 654 580 734; x_wconf 87' lang='lat' dir='ltr'>detestatur,</span> <span class='ocrx_word' id='word_1_12' title='bbox 618 671 711 733; x_wconf 87' lang='lat' dir='ltr'>quam</span> <span class='ocrx_word' id='word_1_13' title='bbox 742 652 852 732; x_wconf 92' lang='lat' dir='ltr'>ephori</span> <span class='ocrx_word' id='word_1_14' title='bbox 882 653 1019 732; x_wconf 84' lang='lat' dir='ltr'>puniisse</span> <span class='ocrx_word' id='word_1_15' title='bbox 1050 654 1211 732; x_wconf 83' lang='lat' dir='ltr'>terantur,</span> <span class='ocrx_word' id='word_1_16' title='bbox 1250 652 1311 714; x_wconf 88' lang='lat' dir='ltr'>iam</span> <span class='ocrx_word' id='word_1_17' title='bbox 1340 651 1423 714; x_wconf 88' lang='lat' dir='ltr'>Laso</span> 
     </span>
     <span class='ocr_line' id='line_1_4' title="bbox 262 749 1424 833; baseline -0.002 -17"><span class='ocrx_word' id='word_1_18' title='bbox 262 753 356 817; x_wconf 89' lang='lat' dir='ltr'>tribui</span> <span class='ocrx_word' id='word_1_19' title='bbox 382 755 569 831; x_wconf 87' lang='lat' dir='ltr'>statuimus,</span> <span class='ocrx_word' id='word_1_20' title='bbox 599 754 652 833; x_wconf 89' lang='lat' dir='ltr'>qui</span> <span class='ocrx_word' id='word_1_21' title='bbox 676 760 748 816; x_wconf 89' lang='lat' dir='ltr'>ante</span> <span class='ocrx_word' id='word_1_22' title='bbox 770 751 897 816; x_wconf 89' lang='lat' dir='ltr'>Pimlari</span> <span class='ocrx_word' id='word_1_23' title='bbox 921 758 952 814; x_wconf 90' lang='lat' dir='ltr'>et</span> <span class='ocrx_word' id='word_1_24' title='bbox 975 751 1118 832; x_wconf 81' lang='lat' dir='ltr'>Aeschyli</span> <span class='ocrx_word' id='word_1_25' title='bbox 1140 759 1281 831; x_wconf 87' lang='lat' dir='ltr'>tempora</span> <span class='ocrx_word' id='word_1_26' title='bbox 1303 749 1364 814; x_wconf 88' lang='lat' dir='ltr'>fuit</span> <span class='ocrx_word' id='word_1_27' title='bbox 1385 785 1424 795; x_wconf 96' lang='lat'><em>-</em></span> 
     </span>
     <span class='ocr_line' id='line_1_5' title="bbox 262 850 1424 932; baseline -0.003 -15"><span class='ocrx_word' id='word_1_28' title='bbox 262 855 376 917; x_wconf 89' lang='lat' dir='ltr'>Lasum</span> <span class='ocrx_word' id='word_1_29' title='bbox 408 854 543 916; x_wconf 89' lang='lat' dir='ltr'>musicae</span> <span class='ocrx_word' id='word_1_30' title='bbox 576 852 706 916; x_wconf 88' lang='lat' dir='ltr'>mollitie</span> <span class='ocrx_word' id='word_1_31' title='bbox 735 858 767 914; x_wconf 93' lang='lat' dir='ltr'>et</span> <span class='ocrx_word' id='word_1_32' title='bbox 797 851 937 914; x_wconf 83' lang='lat' dir='ltr'>artificiis</span> <span class='ocrx_word' id='word_1_33' title='bbox 966 851 1175 932; x_wconf 79' lang='lat' dir='ltr'>depravatae,</span> <span class='ocrx_word' id='word_1_34' title='bbox 1206 868 1287 930; x_wconf 88' lang='lat' dir='ltr'>quae</span> <span class='ocrx_word' id='word_1_35' title='bbox 1317 850 1424 914; x_wconf 87' lang='lat' dir='ltr'>multis</span> 
     </span>
     <span class='ocr_line' id='line_1_6' title="bbox 261 949 1425 1034; baseline -0.003 -18"><span class='ocrx_word' id='word_1_36' title='bbox 261 960 334 1034; x_wconf 90' lang='lat' dir='ltr'>post</span> <span class='ocrx_word' id='word_1_37' title='bbox 355 971 423 1016; x_wconf 87' lang='lat' dir='ltr'>ema</span> <span class='ocrx_word' id='word_1_38' title='bbox 446 953 536 1015; x_wconf 88' lang='lat' dir='ltr'>annis</span> <span class='ocrx_word' id='word_1_39' title='bbox 557 950 805 1032; x_wconf 77' lang='lat' dir='ltr'>ingravescebat,</span> <span class='ocrx_word' id='word_1_40' title='bbox 827 953 928 1032; x_wconf 89' lang='lat' dir='ltr'>prima</span> <span class='ocrx_word' id='word_1_41' title='bbox 950 952 1067 1014; x_wconf 87' lang='lat' dir='ltr'>semina</span> <span class='ocrx_word' id='word_1_42' title='bbox 1087 952 1194 1015; x_wconf 90' lang='lat' dir='ltr'>iecisse</span> <span class='ocrx_word' id='word_1_43' title='bbox 1215 949 1284 1014; x_wconf 86' lang='lat' dir='ltr'>aliis</span> <span class='ocrx_word' id='word_1_44' title='bbox 1300 969 1425 1031; x_wconf 89' lang='lat' dir='ltr'>quoque</span> 
     </span>
     <span class='ocr_line' id='line_1_7' title="bbox 262 1049 1424 1132; baseline -0.001 -17"><span class='ocrx_word' id='word_1_45' title='bbox 262 1053 435 1116; x_wconf 84' lang='lat' dir='ltr'>rationibus</span> <span class='ocrx_word' id='word_1_46' title='bbox 475 1071 512 1115; x_wconf 88' lang='lat' dir='ltr'>ex</span> <span class='ocrx_word' id='word_1_47' title='bbox 549 1052 614 1132; x_wconf 88' lang='lat' dir='ltr'>ipso</span> <span class='ocrx_word' id='word_1_48' title='bbox 643 1049 702 1114; x_wconf 91' lang='lat' dir='ltr'>hoc</span> <span class='ocrx_word' id='word_1_49' title='bbox 730 1051 889 1114; x_wconf 83' lang='lat' dir='ltr'>Plutarchi</span> <span class='ocrx_word' id='word_1_50' title='bbox 920 1051 987 1115; x_wconf 93' lang='lat' dir='ltr'>loco</span> <span class='ocrx_word' id='word_1_51' title='bbox 1018 1051 1149 1130; x_wconf 89' lang='lat' dir='ltr'>sumptis</span> <span class='ocrx_word' id='word_1_52' title='bbox 1180 1050 1313 1130; x_wconf 87' lang='lat' dir='ltr'>probare</span> <span class='ocrx_word' id='word_1_53' title='bbox 1341 1051 1424 1114; x_wconf 86' lang='lat' dir='ltr'>licet.</span> 
     </span>
     <span class='ocr_line' id='line_1_8' title="bbox 262 1151 1425 1230; baseline -0.002 -14"><span class='ocrx_word' id='word_1_54' title='bbox 262 1155 375 1216; x_wconf 85' lang='lat' dir='ltr'>etenim</span> <span class='ocrx_word' id='word_1_55' title='bbox 406 1153 523 1215; x_wconf 85' lang='lat' dir='ltr'>artiore</span> <span class='ocrx_word' id='word_1_56' title='bbox 551 1151 674 1214; x_wconf 90' lang='lat' dir='ltr'>vinculo</span> <span class='ocrx_word' id='word_1_57' title='bbox 697 1151 811 1215; x_wconf 87' lang='lat' dir='ltr'>Lasum</span> <span class='ocrx_word' id='word_1_58' title='bbox 834 1152 876 1215; x_wconf 94' lang='lat' dir='ltr'>ibi</span> <span class='ocrx_word' id='word_1_59' title='bbox 900 1170 968 1216; x_wconf 92' lang='lat' dir='ltr'>cum</span> <span class='ocrx_word' id='word_1_60' title='bbox 992 1151 1120 1215; x_wconf 82' lang='lat' dir='ltr'>famosis</span> <span class='ocrx_word' id='word_1_61' title='bbox 1143 1151 1276 1215; x_wconf 76' lang='lat' dir='ltr'>arausicae</span> <span class='ocrx_word' id='word_1_62' title='bbox 1298 1169 1425 1230; x_wconf 89' lang='lat' dir='ltr'>corrup-</span> 
     </span>
     <span class='ocr_line' id='line_1_9' title="bbox 262 1251 1426 1332; baseline -0.002 -16"><span class='ocrx_word' id='word_1_63' title='bbox 262 1252 382 1316; x_wconf 87' lang='lat' dir='ltr'>toribus</span> <span class='ocrx_word' id='word_1_64' title='bbox 403 1253 599 1315; x_wconf 86' lang='lat' dir='ltr'>couiunrtum</span> <span class='ocrx_word' id='word_1_65' title='bbox 622 1269 691 1314; x_wconf 90' lang='lat' dir='ltr'>esse</span> <span class='ocrx_word' id='word_1_66' title='bbox 714 1270 805 1332; x_wconf 89' lang='lat' dir='ltr'>quam</span> <span class='ocrx_word' id='word_1_67' title='bbox 827 1269 894 1316; x_wconf 92' lang='lat' dir='ltr'>cum</span> <span class='ocrx_word' id='word_1_68' title='bbox 918 1251 1075 1314; x_wconf 90' lang='lat' dir='ltr'>veteribus</span> <span class='ocrx_word' id='word_1_69' title='bbox 1098 1251 1176 1330; x_wconf 91' lang='lat' dir='ltr'>illis,</span> <span class='ocrx_word' id='word_1_70' title='bbox 1206 1269 1282 1331; x_wconf 88' lang='lat' dir='ltr'>qrros</span> <span class='ocrx_word' id='word_1_71' title='bbox 1305 1252 1426 1314; x_wconf 83' lang='lat' dir='ltr'>Aristo-</span> 
     </span>
     <span class='ocr_line' id='line_1_10' title="bbox 262 1351 1424 1432; baseline -0.003 -17"><span class='ocrx_word' id='word_1_72' title='bbox 262 1371 357 1416; x_wconf 85' lang='lat' dir='ltr'>xenus</span> <span class='ocrx_word' id='word_1_73' title='bbox 379 1351 463 1428; x_wconf 84' lang='lat' dir='ltr'>colit,</span> <span class='ocrx_word' id='word_1_74' title='bbox 487 1354 513 1414; x_wconf 90' lang='lat' dir='ltr'>si</span> <span class='ocrx_word' id='word_1_75' title='bbox 536 1353 636 1414; x_wconf 90' lang='lat' dir='ltr'>totius</span> <span class='ocrx_word' id='word_1_76' title='bbox 660 1351 718 1415; x_wconf 93' lang='lat' dir='ltr'>loci</span> <span class='ocrx_word' id='word_1_77' title='bbox 734 1351 1424 1432; x_wconf 84' lang='lat' dir='ltr'>conexummendisquibusdamobscuratum</span> 
     </span>
     <span class='ocr_line' id='line_1_11' title="bbox 263 1451 668 1529; baseline -0.007 -13"><span class='ocrx_word' id='word_1_78' title='bbox 263 1453 499 1529; x_wconf 66' lang='lat' dir='ltr'>circumeamus,</span> <span class='ocrx_word' id='word_1_79' title='bbox 521 1451 668 1516; x_wconf 91' lang='lat' dir='ltr'>elucebit.</span> 
     </span>
    </p>
   </div>
   <div class='ocr_carea' id='block_1_3' title="bbox 262 1575 1428 3634">
    <p class='ocr_par' dir='ltr' id='par_1_3' title="bbox 262 1575 1428 3634">
     <span class='ocr_line' id='line_1_12' title="bbox 344 1575 1426 1654; baseline 0.001 -15"><span class='ocrx_word' id='word_1_80' title='bbox 344 1594 369 1640; x_wconf 94' lang='lat' dir='ltr'>c.</span> <span class='ocrx_word' id='word_1_81' title='bbox 381 1577 503 1640; x_wconf 81' lang='lat'>28-30</span> <span class='ocrx_word' id='word_1_82' title='bbox 519 1576 675 1639; x_wconf 87' lang='lat' dir='ltr'>artissime</span> <span class='ocrx_word' id='word_1_83' title='bbox 691 1576 773 1638; x_wconf 89' lang='lat' dir='ltr'>inter</span> <span class='ocrx_word' id='word_1_84' title='bbox 790 1593 823 1638; x_wconf 88' lang='lat' dir='ltr'>se</span> <span class='ocrx_word' id='word_1_85' title='bbox 834 1575 1019 1654; x_wconf 75' lang='lat' dir='ltr'>cohaerent,</span> <span class='ocrx_word' id='word_1_86' title='bbox 1042 1575 1130 1638; x_wconf 77' lang='lat' dir='ltr'>initio</span> <span class='ocrx_word' id='word_1_87' title='bbox 1147 1593 1171 1638; x_wconf 97' lang='lat' dir='ltr'>c.</span> <span class='ocrx_word' id='word_1_88' title='bbox 1183 1575 1224 1638; x_wconf 65' lang='grc'>18</span> <span class='ocrx_word' id='word_1_89' title='bbox 1236 1575 1426 1640; x_wconf 82' lang='lat' dir='ltr'>Plutarchus</span> 
     </span>
     <span class='ocr_line' id='line_1_13' title="bbox 262 1673 1427 1756; baseline 0.002 -18"><span class='ocrx_word' id='word_1_90' title='bbox 262 1674 427 1756; x_wconf 87' lang='lat' dir='ltr'>profitetur</span> <span class='ocrx_word' id='word_1_91' title='bbox 456 1694 488 1738; x_wconf 92' lang='lat' dir='ltr'>se</span> <span class='ocrx_word' id='word_1_92' title='bbox 518 1676 555 1738; x_wconf 75' lang='lat' dir='ltr'>cle</span> <span class='ocrx_word' id='word_1_93' title='bbox 584 1676 628 1738; x_wconf 91' lang='lat' dir='ltr'>eis</span> <span class='ocrx_word' id='word_1_94' title='bbox 659 1676 753 1738; x_wconf 86' lang='lat' dir='ltr'>verba</span> <span class='ocrx_word' id='word_1_95' title='bbox 781 1674 951 1755; x_wconf 89' lang='lat' dir='ltr'>facturum,</span> <span class='ocrx_word' id='word_1_96' title='bbox 984 1693 1063 1754; x_wconf 85' lang='lat' dir='ltr'>quae</span> <span class='ocrx_word' id='word_1_97' title='bbox 1093 1673 1159 1738; x_wconf 75' lang='grc' dir='ltr'>ὑπὸ</span> <span class='ocrx_word' id='word_1_98' title='bbox 1188 1678 1253 1737; x_wconf 76' lang='grc' dir='ltr'><strong><em>τῶν</em></strong></span> <span class='ocrx_word' id='word_1_99' title='bbox 1281 1675 1427 1756; x_wconf 80' lang='grc' dir='ltr'><strong><em>α’ρχαίων</em></strong></span> 
     </span>
     <span class='ocr_line' id='line_1_14' title="bbox 263 1773 1426 1858; baseline 0.004 -22"><span class='ocrx_word' id='word_1_100' title='bbox 263 1773 513 1858; x_wconf 80' lang='grc' dir='ltr'><strong><em>πρυςεξευρηται</em></strong></span> <span class='ocrx_word' id='word_1_101' title='bbox 550 1775 604 1836; x_wconf 83' lang='grc' dir='ltr'>καὶ</span> <span class='ocrx_word' id='word_1_102' title='bbox 639 1773 921 1856; x_wconf 87' lang='grc' dir='ltr'><strong><em>κεκαινυι·όμηται;</em></strong></span> <span class='ocrx_word' id='word_1_103' title='bbox 956 1793 1033 1855; x_wconf 85' lang='lat' dir='ltr'>quus</span> <span class='ocrx_word' id='word_1_104' title='bbox 1071 1778 1129 1838; x_wconf 80' lang='lat' dir='ltr'>etsi</span> <span class='ocrx_word' id='word_1_105' title='bbox 1165 1776 1263 1840; x_wconf 84' lang='lat' dir='ltr'>mulla</span> <span class='ocrx_word' id='word_1_106' title='bbox 1295 1796 1426 1841; x_wconf 83' lang='lat' dir='ltr'>novasse</span> 
     </span>
     <span class='ocr_line' id='line_1_15' title="bbox 262 1873 1428 1958; baseline 0.002 -21"><span class='ocrx_word' id='word_1_107' title='bbox 262 1875 420 1952; x_wconf 78' lang='lat' dir='ltr'>concedit,</span> <span class='ocrx_word' id='word_1_108' title='bbox 447 1893 603 1955; x_wconf 89' lang='lat' dir='ltr'>nunquam</span> <span class='ocrx_word' id='word_1_109' title='bbox 630 1883 733 1938; x_wconf 86' lang='lat' dir='ltr'>taurea</span> <span class='ocrx_word' id='word_1_110' title='bbox 757 1893 817 1936; x_wconf 88' lang='lat' dir='ltr'>mm</span> <span class='ocrx_word' id='word_1_111' title='bbox 840 1873 925 1955; x_wconf 87' lang='grc' dir='ltr'><strong><em>μετά</em></strong></span> <span class='ocrx_word' id='word_1_112' title='bbox 946 1877 1005 1937; x_wconf 87' lang='grc' dir='ltr'>τοῦ</span> <span class='ocrx_word' id='word_1_113' title='bbox 1028 1877 1150 1956; x_wconf 86' lang='grc' dir='ltr'><strong><em>σεμνοῦ</em></strong></span> <span class='ocrx_word' id='word_1_114' title='bbox 1170 1878 1225 1938; x_wconf 82' lang='grc' dir='ltr'>καὶ</span> <span class='ocrx_word' id='word_1_115' title='bbox 1244 1884 1428 1958; x_wconf 79' lang='grc' dir='ltr'><strong><em>πρέποντος</em></strong></span> 
     </span>
     <span class='ocr_line' id='line_1_16' title="bbox 263 1974 1426 2054; baseline 0.001 -16"><span class='ocrx_word' id='word_1_116' title='bbox 263 1994 395 2038; x_wconf 75' lang='lat' dir='ltr'>iterasse</span> <span class='ocrx_word' id='word_1_117' title='bbox 431 1976 599 2039; x_wconf 88' lang='lat' dir='ltr'>contendit.</span> <span class='ocrx_word' id='word_1_118' title='bbox 655 1975 709 2038; x_wconf 89' lang='lat' dir='ltr'>sed</span> <span class='ocrx_word' id='word_1_119' title='bbox 751 1974 992 2054; x_wconf 82' lang='lat' dir='ltr'>disputationem</span> <span class='ocrx_word' id='word_1_120' title='bbox 1031 1993 1091 2039; x_wconf 92' lang='lat' dir='ltr'>non</span> <span class='ocrx_word' id='word_1_121' title='bbox 1131 1976 1214 2039; x_wconf 87' lang='lat' dir='ltr'>intra</span> <span class='ocrx_word' id='word_1_122' title='bbox 1250 1975 1309 2039; x_wconf 89' lang='lat' dir='ltr'>hos</span> <span class='ocrx_word' id='word_1_123' title='bbox 1348 1975 1426 2040; x_wconf 90' lang='lat' dir='ltr'>fines</span> 
     </span>
     <span class='ocr_line' id='line_1_17' title="bbox 264 2073 1427 2154; baseline 0.001 -17"><span class='ocrx_word' id='word_1_124' title='bbox 264 2094 392 2138; x_wconf 81' lang='lat' dir='ltr'>rrrarrere</span> <span class='ocrx_word' id='word_1_125' title='bbox 414 2094 450 2138; x_wconf 87' lang='lat' dir='ltr'>ex</span> <span class='ocrx_word' id='word_1_126' title='bbox 473 2093 497 2138; x_wconf 91' lang='lat' dir='ltr'>c.</span> <span class='ocrx_word' id='word_1_127' title='bbox 517 2080 555 2138; x_wconf 83' lang='lat'>30</span> <span class='ocrx_word' id='word_1_128' title='bbox 578 2075 753 2154; x_wconf 82' lang='lat' dir='ltr'>colligitur,</span> <span class='ocrx_word' id='word_1_129' title='bbox 776 2073 826 2136; x_wconf 92' lang='lat' dir='ltr'>ubi</span> <span class='ocrx_word' id='word_1_130' title='bbox 847 2073 1047 2138; x_wconf 89' lang='lat' dir='ltr'>acerbissima</span> <span class='ocrx_word' id='word_1_131' title='bbox 1068 2077 1254 2140; x_wconf 84' lang='lat' dir='ltr'>comicorum</span> <span class='ocrx_word' id='word_1_132' title='bbox 1276 2076 1307 2139; x_wconf 92' lang='lat' dir='ltr'>in</span> <span class='ocrx_word' id='word_1_133' title='bbox 1331 2075 1427 2138; x_wconf 91' lang='lat' dir='ltr'>Mela-</span> 
     </span>
     <span class='ocr_line' id='line_1_18' title="bbox 264 2173 1426 2254; baseline 0.002 -17"><span class='ocrx_word' id='word_1_134' title='bbox 264 2175 406 2254; x_wconf 75' lang='lat' dir='ltr'>nippirles</span> <span class='ocrx_word' id='word_1_135' title='bbox 428 2175 614 2238; x_wconf 88' lang='lat' dir='ltr'>Philoxenus</span> <span class='ocrx_word' id='word_1_136' title='bbox 639 2173 819 2237; x_wconf 83' lang='lat' dir='ltr'>Timotheus</span> <span class='ocrx_word' id='word_1_137' title='bbox 842 2173 1017 2252; x_wconf 90' lang='lat' dir='ltr'>Phryuides</span> <span class='ocrx_word' id='word_1_138' title='bbox 1047 2174 1204 2239; x_wconf 84' lang='lat' dir='ltr'>cavillatio</span> <span class='ocrx_word' id='word_1_139' title='bbox 1234 2174 1365 2240; x_wconf 85' lang='lat' dir='ltr'>affertur</span> <span class='ocrx_word' id='word_1_140' title='bbox 1394 2182 1426 2239; x_wconf 88' lang='lat' dir='ltr'>et</span> 
     </span>
     <span class='ocr_line' id='line_1_19' title="bbox 262 2273 1424 2355; baseline 0.001 -18"><span class='ocrx_word' id='word_1_141' title='bbox 262 2276 292 2338; x_wconf 91' lang='lat' dir='ltr'>in</span> <span class='ocrx_word' id='word_1_142' title='bbox 323 2273 383 2337; x_wconf 89' lang='lat' dir='ltr'>fine</span> <span class='ocrx_word' id='word_1_143' title='bbox 414 2274 540 2336; x_wconf 78' lang='grc' dir='ltr'><strong><em>οἷτοπία</em></strong></span> <span class='ocrx_word' id='word_1_144' title='bbox 569 2273 641 2336; x_wconf 89' lang='lat' dir='ltr'>huic</span> <span class='ocrx_word' id='word_1_145' title='bbox 668 2274 854 2337; x_wconf 91' lang='lat' dir='ltr'>musicorum</span> <span class='ocrx_word' id='word_1_146' title='bbox 884 2275 988 2351; x_wconf 84' lang='lat' dir='ltr'>generi</span> <span class='ocrx_word' id='word_1_147' title='bbox 1012 2274 1170 2338; x_wconf 89' lang='lat' dir='ltr'>tribuitur.</span> <span class='ocrx_word' id='word_1_148' title='bbox 1214 2276 1424 2355; x_wconf 89' lang='lat' dir='ltr'>quaerendum</span> 
     </span>
     <span class='ocr_line' id='line_1_20' title="bbox 263 2371 1427 2454; baseline 0.002 -17"><span class='ocrx_word' id='word_1_149' title='bbox 263 2375 358 2452; x_wconf 79' lang='lat' dir='ltr'>igitur</span> <span class='ocrx_word' id='word_1_150' title='bbox 381 2379 436 2451; x_wconf 88' lang='lat' dir='ltr'>est,</span> <span class='ocrx_word' id='word_1_151' title='bbox 459 2391 590 2454; x_wconf 89' lang='lat' dir='ltr'>quonam</span> <span class='ocrx_word' id='word_1_152' title='bbox 616 2374 682 2437; x_wconf 94' lang='lat' dir='ltr'>loco</span> <span class='ocrx_word' id='word_1_153' title='bbox 705 2391 724 2435; x_wconf 88' lang='lat' dir='ltr'>a</span> <span class='ocrx_word' id='word_1_154' title='bbox 745 2371 850 2452; x_wconf 85' lang='lat' dir='ltr'>probis</span> <span class='ocrx_word' id='word_1_155' title='bbox 874 2379 1012 2437; x_wconf 88' lang='lat' dir='ltr'>veterum</span> <span class='ocrx_word' id='word_1_156' title='bbox 1036 2375 1259 2438; x_wconf 88' lang='lat' dir='ltr'>mutationibus</span> <span class='ocrx_word' id='word_1_157' title='bbox 1282 2375 1321 2437; x_wconf 89' lang='lat' dir='ltr'>ad</span> <span class='ocrx_word' id='word_1_158' title='bbox 1346 2377 1427 2439; x_wconf 89' lang='lat' dir='ltr'>vitu-</span> 
     </span>
     <span class='ocr_line' id='line_1_21' title="bbox 262 2473 1426 2555; baseline 0.002 -19"><span class='ocrx_word' id='word_1_159' title='bbox 262 2475 401 2555; x_wconf 87' lang='lat' dir='ltr'>peranda</span> <span class='ocrx_word' id='word_1_160' title='bbox 431 2475 600 2538; x_wconf 90' lang='lat' dir='ltr'>recentium</span> <span class='ocrx_word' id='word_1_161' title='bbox 633 2475 759 2535; x_wconf 90' lang='lat' dir='ltr'>inventa</span> <span class='ocrx_word' id='word_1_162' title='bbox 790 2479 981 2535; x_wconf 87' lang='lat' dir='ltr'>transeatur.</span> <span class='ocrx_word' id='word_1_163' title='bbox 1031 2491 1057 2537; x_wconf 92' lang='lat' dir='ltr'>c.</span> <span class='ocrx_word' id='word_1_164' title='bbox 1081 2474 1122 2537; x_wconf 68' lang='grc'>18</span> <span class='ocrx_word' id='word_1_165' title='bbox 1151 2473 1244 2538; x_wconf 88' lang='lat' dir='ltr'>verba</span> <span class='ocrx_word' id='word_1_166' title='bbox 1277 2474 1357 2538; x_wconf 90' lang='lat' dir='ltr'>fiunt</span> <span class='ocrx_word' id='word_1_167' title='bbox 1388 2476 1426 2538; x_wconf 81' lang='grc' dir='ltr'>(1ο</span> 
     </span>
     <span class='ocr_line' id='line_1_22' title="bbox 264 2571 1425 2655; baseline -0.001 -17"><span class='ocrx_word' id='word_1_168' title='bbox 264 2574 446 2655; x_wconf 81' lang='lat' dir='ltr'>&#39;l&#39;erpandro</span> <span class='ocrx_word' id='word_1_169' title='bbox 469 2580 500 2637; x_wconf 95' lang='lat' dir='ltr'>et</span> <span class='ocrx_word' id='word_1_170' title='bbox 522 2572 718 2649; x_wconf 83' lang='lat' dir='ltr'>Archilocho,</span> <span class='ocrx_word' id='word_1_171' title='bbox 749 2589 772 2634; x_wconf 93' lang='lat' dir='ltr'>c.</span> <span class='ocrx_word' id='word_1_172' title='bbox 791 2571 879 2648; x_wconf 60' lang='lat' dir='ltr'>aul.</span> <span class='ocrx_word' id='word_1_173' title='bbox 893 2573 922 2635; x_wconf 83' lang='lat'>2.</span> <span class='ocrx_word' id='word_1_174' title='bbox 946 2572 983 2634; x_wconf 87' lang='lat' dir='ltr'>de</span> <span class='ocrx_word' id='word_1_175' title='bbox 1006 2572 1206 2654; x_wconf 75' lang='lat' dir='ltr'>Polp&#39;mnasto</span> <span class='ocrx_word' id='word_1_176' title='bbox 1230 2581 1261 2637; x_wconf 93' lang='lat' dir='ltr'>et</span> <span class='ocrx_word' id='word_1_177' title='bbox 1284 2575 1425 2655; x_wconf 84' lang='lat' dir='ltr'>Olympo.</span> 
     </span>
     <span class='ocr_line' id='line_1_23' title="bbox 264 2671 1426 2756; baseline 0 -19"><span class='ocrx_word' id='word_1_178' title='bbox 264 2681 437 2754; x_wconf 82' lang='lat' dir='ltr'>sequuntur</span> <span class='ocrx_word' id='word_1_179' title='bbox 449 2672 545 2736; x_wconf 84' lang='lat' dir='ltr'>verba</span> <span class='ocrx_word' id='word_1_180' title='bbox 557 2673 594 2753; x_wconf 78' lang='lat' dir='ltr'>(u.</span> <span class='ocrx_word' id='word_1_181' title='bbox 608 2673 716 2753; x_wconf 55' lang='lat' dir='ltr'>abal:</span> <span class='ocrx_word' id='word_1_182' title='bbox 739 2671 844 2754; x_wconf 87' lang='grc' dir='ltr'>Δηλοῖ</span> <span class='ocrx_word' id='word_1_183' title='bbox 859 2671 887 2733; x_wconf 84' lang='grc' dir='ltr'>δ’</span> <span class='ocrx_word' id='word_1_184' title='bbox 905 2673 1044 2736; x_wconf 73' lang='grc' dir='ltr'><strong><em>ἕκαστον</em></strong></span> <span class='ocrx_word' id='word_1_185' title='bbox 1064 2675 1130 2736; x_wconf 81' lang='grc' dir='ltr'><strong><em>τῶν</em></strong></span> <span class='ocrx_word' id='word_1_186' title='bbox 1146 2673 1292 2754; x_wconf 86' lang='grc' dir='ltr'><strong><em>άρχαίων</em></strong></span> <span class='ocrx_word' id='word_1_187' title='bbox 1308 2674 1426 2756; x_wconf 80' lang='grc' dir='ltr'><strong><em>μελῶν,</em></strong></span> 
     </span>
     <span class='ocr_line' id='line_1_24' title="bbox 264 2769 1425 2862; baseline 0.003 -27"><span class='ocrx_word' id='word_1_188' title='bbox 264 2770 314 2836; x_wconf 80' lang='grc' dir='ltr'>ὅτι</span> <span class='ocrx_word' id='word_1_189' title='bbox 336 2776 442 2834; x_wconf 83' lang='grc' dir='ltr'><strong><em>ταῦτα</em></strong></span> <span class='ocrx_word' id='word_1_190' title='bbox 463 2769 562 2845; x_wconf 78' lang='grc' dir='ltr'><strong><em>οὕτως</em></strong></span> <span class='ocrx_word' id='word_1_191' title='bbox 585 2774 651 2850; x_wconf 75' lang='grc' dir='ltr'><strong><em>ἔχει</em></strong></span> <span class='ocrx_word' id='word_1_192' title='bbox 674 2771 752 2849; x_wconf 83' lang='grc' dir='ltr'>(εο11.</span> <span class='ocrx_word' id='word_1_193' title='bbox 772 2790 807 2834; x_wconf 93' lang='lat' dir='ltr'>re</span> <span class='ocrx_word' id='word_1_194' title='bbox 826 2789 899 2836; x_wconf 88' lang='lat' dir='ltr'>vera</span> <span class='ocrx_word' id='word_1_195' title='bbox 912 2773 1157 2854; x_wconf 72' lang='lat' dir='ltr'>invenisseilloS,</span> <span class='ocrx_word' id='word_1_196' title='bbox 1180 2776 1425 2862; x_wconf 83' lang='lat' dir='ltr'>qnaeinvenisse</span> 
     </span>
     <span class='ocr_line' id='line_1_25' title="bbox 265 2871 1425 2964; baseline 0.003 -30"><span class='ocrx_word' id='word_1_197' title='bbox 265 2873 455 2950; x_wconf 85' lang='lat' dir='ltr'>tradantur).</span> <span class='ocrx_word' id='word_1_198' title='bbox 495 2873 606 2964; x_wconf 82' lang='lat' dir='ltr'>quibus</span> <span class='ocrx_word' id='word_1_199' title='bbox 626 2871 728 2935; x_wconf 88' lang='lat' dir='ltr'>verbis</span> <span class='ocrx_word' id='word_1_200' title='bbox 748 2871 872 2936; x_wconf 87' lang='lat' dir='ltr'>videtur</span> <span class='ocrx_word' id='word_1_201' title='bbox 890 2873 1036 2953; x_wconf 85' lang='grc' dir='ltr'><strong><em>α’ρχαίων</em></strong></span> <span class='ocrx_word' id='word_1_202' title='bbox 1054 2876 1339 2937; x_wconf 89' lang='lat' dir='ltr'>commemorationi</span> <span class='ocrx_word' id='word_1_203' title='bbox 1356 2874 1425 2939; x_wconf 90' lang='lat' dir='ltr'>finis</span> 
     </span>
     <span class='ocr_line' id='line_1_26' title="bbox 263 2971 1425 3056; baseline 0.003 -22"><span class='ocrx_word' id='word_1_204' title='bbox 263 2973 389 3050; x_wconf 87' lang='lat' dir='ltr'>imponi.</span> <span class='ocrx_word' id='word_1_205' title='bbox 434 2973 577 3052; x_wconf 89' lang='lat' dir='ltr'>sequitur</span> <span class='ocrx_word' id='word_1_206' title='bbox 598 2971 684 3035; x_wconf 90' lang='lat' dir='ltr'>locus</span> <span class='ocrx_word' id='word_1_207' title='bbox 707 2971 744 3034; x_wconf 81' lang='lat' dir='ltr'>(le</span> <span class='ocrx_word' id='word_1_208' title='bbox 767 2971 858 3052; x_wconf 89' lang='lat' dir='ltr'>Laso,</span> <span class='ocrx_word' id='word_1_209' title='bbox 880 2978 947 3036; x_wconf 91' lang='lat' dir='ltr'>tum</span> <span class='ocrx_word' id='word_1_210' title='bbox 971 2977 1007 3052; x_wconf 80' lang='lat' dir='ltr'>(c.</span> <span class='ocrx_word' id='word_1_211' title='bbox 1027 2971 1133 3056; x_wconf 70' lang='lat' dir='ltr'>cuin.)</span> <span class='ocrx_word' id='word_1_212' title='bbox 1158 2973 1195 3037; x_wconf 90' lang='lat' dir='ltr'>de</span> <span class='ocrx_word' id='word_1_213' title='bbox 1218 2974 1425 3056; x_wconf 81' lang='lat' dir='ltr'>Melanippicle</span> 
     </span>
     <span class='ocr_line' id='line_1_27' title="bbox 264 3071 1426 3153; baseline 0.003 -19"><span class='ocrx_word' id='word_1_214' title='bbox 264 3071 433 3135; x_wconf 88' lang='lat' dir='ltr'>Philoxeno</span> <span class='ocrx_word' id='word_1_215' title='bbox 459 3071 622 3135; x_wconf 84' lang='lat' dir='ltr'>Timotheo</span> <span class='ocrx_word' id='word_1_216' title='bbox 653 3072 747 3134; x_wconf 91' lang='lat' dir='ltr'>verba</span> <span class='ocrx_word' id='word_1_217' title='bbox 775 3071 871 3153; x_wconf 89' lang='lat' dir='ltr'>fiunt,</span> <span class='ocrx_word' id='word_1_218' title='bbox 904 3072 1016 3136; x_wconf 88' lang='lat' dir='ltr'>deinde</span> <span class='ocrx_word' id='word_1_219' title='bbox 1046 3073 1085 3137; x_wconf 89' lang='lat' dir='ltr'>de</span> <span class='ocrx_word' id='word_1_220' title='bbox 1115 3073 1274 3136; x_wconf 90' lang='lat' dir='ltr'>tibicinum</span> <span class='ocrx_word' id='word_1_221' title='bbox 1303 3081 1426 3138; x_wconf 87' lang='lat' dir='ltr'>mutata</span> 
     </span>
     <span class='ocr_line' id='line_1_28' title="bbox 265 3171 1426 3252; baseline 0.004 -17"><span class='ocrx_word' id='word_1_222' title='bbox 265 3171 459 3251; x_wconf 84' lang='lat' dir='ltr'>condicione,</span> <span class='ocrx_word' id='word_1_223' title='bbox 492 3171 624 3252; x_wconf 85' lang='lat' dir='ltr'>deniqne</span> <span class='ocrx_word' id='word_1_224' title='bbox 653 3171 691 3234; x_wconf 90' lang='lat' dir='ltr'>de</span> <span class='ocrx_word' id='word_1_225' title='bbox 721 3172 844 3236; x_wconf 89' lang='lat' dir='ltr'>comicis</span> <span class='ocrx_word' id='word_1_226' title='bbox 875 3179 939 3235; x_wconf 91' lang='lat' dir='ltr'>tres</span> <span class='ocrx_word' id='word_1_227' title='bbox 966 3171 1036 3235; x_wconf 90' lang='lat' dir='ltr'>illos</span> <span class='ocrx_word' id='word_1_228' title='bbox 1065 3179 1173 3252; x_wconf 88' lang='lat' dir='ltr'>poetas</span> <span class='ocrx_word' id='word_1_229' title='bbox 1203 3173 1426 3240; x_wconf 88' lang='lat' dir='ltr'>deridentibus.</span> 
     </span>
     <span class='ocr_line' id='line_1_29' title="bbox 265 3270 1426 3352; baseline 0.004 -19"><span class='ocrx_word' id='word_1_230' title='bbox 265 3272 438 3335; x_wconf 91' lang='lat' dir='ltr'>rectissime</span> <span class='ocrx_word' id='word_1_231' title='bbox 473 3270 707 3350; x_wconf 76' lang='lat' dir='ltr'>Wyttenbach,</span> <span class='ocrx_word' id='word_1_232' title='bbox 735 3272 782 3334; x_wconf 92' lang='lat' dir='ltr'>cui</span> <span class='ocrx_word' id='word_1_233' title='bbox 810 3271 969 3351; x_wconf 88' lang='lat' dir='ltr'>Westphal</span> <span class='ocrx_word' id='word_1_234' title='bbox 996 3271 1200 3352; x_wconf 85' lang='lat' dir='ltr'>astipulatur,</span> <span class='ocrx_word' id='word_1_235' title='bbox 1238 3273 1365 3336; x_wconf 89' lang='lat' dir='ltr'>secundi</span> <span class='ocrx_word' id='word_1_236' title='bbox 1394 3280 1426 3338; x_wconf 90' lang='lat' dir='ltr'>et</span> 
     </span>
     <span class='ocr_line' id='line_1_30' title="bbox 265 3369 1426 3457; baseline 0.003 -24"><span class='ocrx_word' id='word_1_237' title='bbox 265 3371 350 3433; x_wconf 91' lang='lat' dir='ltr'>tertii</span> <span class='ocrx_word' id='word_1_238' title='bbox 379 3370 534 3434; x_wconf 88' lang='lat' dir='ltr'>enuntiati</span> <span class='ocrx_word' id='word_1_239' title='bbox 560 3369 661 3433; x_wconf 91' lang='lat' dir='ltr'>locum</span> <span class='ocrx_word' id='word_1_240' title='bbox 686 3371 835 3450; x_wconf 82' lang='lat' dir='ltr'>arctavit,</span> <span class='ocrx_word' id='word_1_241' title='bbox 862 3389 932 3434; x_wconf 87' lang='lat' dir='ltr'>narn</span> <span class='ocrx_word' id='word_1_242' title='bbox 956 3371 1068 3434; x_wconf 90' lang='lat' dir='ltr'>verba:</span> <span class='ocrx_word' id='word_1_243' title='bbox 1100 3369 1141 3444; x_wconf 79' lang='grc' dir='ltr'>ως</span> <span class='ocrx_word' id='word_1_244' title='bbox 1161 3371 1215 3434; x_wconf 78' lang='grc' dir='ltr'>καὶ</span> <span class='ocrx_word' id='word_1_245' title='bbox 1239 3377 1426 3457; x_wconf 80' lang='grc' dir='ltr'><strong><em>Φερεκράτη</em></strong></span> 
     </span>
     <span class='ocr_line' id='line_1_31' title="bbox 265 3469 1426 3552; baseline 0.003 -19"><span class='ocrx_word' id='word_1_246' title='bbox 265 3476 321 3533; x_wconf 87' lang='lat' dir='ltr'>etc.</span> <span class='ocrx_word' id='word_1_247' title='bbox 365 3488 427 3534; x_wconf 91' lang='lat' dir='ltr'>non</span> <span class='ocrx_word' id='word_1_248' title='bbox 457 3476 589 3552; x_wconf 89' lang='lat' dir='ltr'>possunt</span> <span class='ocrx_word' id='word_1_249' title='bbox 618 3469 677 3532; x_wconf 90' lang='lat' dir='ltr'>nisi</span> <span class='ocrx_word' id='word_1_250' title='bbox 704 3469 742 3532; x_wconf 79' lang='lat' dir='ltr'>acl</span> <span class='ocrx_word' id='word_1_251' title='bbox 774 3470 874 3534; x_wconf 90' lang='lat' dir='ltr'>locum</span> <span class='ocrx_word' id='word_1_252' title='bbox 903 3471 942 3534; x_wconf 90' lang='lat' dir='ltr'>de</span> <span class='ocrx_word' id='word_1_253' title='bbox 964 3470 1124 3534; x_wconf 88' lang='lat' dir='ltr'>Timotheo</span> <span class='ocrx_word' id='word_1_254' title='bbox 1155 3472 1328 3552; x_wconf 89' lang='lat' dir='ltr'>ceterisque</span> <span class='ocrx_word' id='word_1_255' title='bbox 1354 3492 1426 3538; x_wconf 92' lang='lat' dir='ltr'>con-</span> 
     </span>
     <span class='ocr_line' id='line_1_32' title="bbox 265 3571 510 3634; baseline 0.004 -2"><span class='ocrx_word' id='word_1_256' title='bbox 265 3572 352 3633; x_wconf 88' lang='lat' dir='ltr'>tinuo</span> <span class='ocrx_word' id='word_1_257' title='bbox 376 3571 510 3634; x_wconf 86' lang='lat' dir='ltr'>annecti.</span> 
     </span>
    </p>
   </div>
   <div class='ocr_carea' id='block_1_4' title="bbox 264 3685 1429 4272">
    <p class='ocr_par' dir='ltr' id='par_1_4' title="bbox 264 3685 1429 4272">
     <span class='ocr_line' id='line_1_33' title="bbox 346 3685 1424 3768; baseline 0.004 -18"><span class='ocrx_word' id='word_1_258' title='bbox 346 3687 457 3768; x_wconf 89' lang='lat' dir='ltr'>ltaque</span> <span class='ocrx_word' id='word_1_259' title='bbox 477 3685 803 3750; x_wconf 87' lang='lat' dir='ltr'>commemorataLasi</span> <span class='ocrx_word' id='word_1_260' title='bbox 816 3685 1003 3768; x_wconf 88' lang='lat' dir='ltr'>polyphonia</span> <span class='ocrx_word' id='word_1_261' title='bbox 1019 3685 1126 3750; x_wconf 89' lang='lat' dir='ltr'>statim</span> <span class='ocrx_word' id='word_1_262' title='bbox 1142 3685 1219 3750; x_wconf 88' lang='lat' dir='ltr'>haec</span> <span class='ocrx_word' id='word_1_263' title='bbox 1235 3696 1424 3768; x_wconf 87' lang='lat' dir='ltr'>sequuntur:</span> 
     </span>
     <span class='ocr_line' id='line_1_34' title="bbox 264 3772 1428 3871; baseline 0.003 -22"><span class='ocrx_word' id='word_1_264' title='bbox 264 3772 361 3849; x_wconf 85' lang='grc' dir='ltr'><strong><em>άλλά</em></strong></span> <span class='ocrx_word' id='word_1_265' title='bbox 385 3787 446 3869; x_wconf 79' lang='grc' dir='ltr'>γάρ</span> <span class='ocrx_word' id='word_1_266' title='bbox 483 3787 537 3849; x_wconf 80' lang='grc' dir='ltr'>καὶ</span> <span class='ocrx_word' id='word_1_267' title='bbox 573 3786 726 3868; x_wconf 75' lang='grc' dir='ltr'><strong><em>αὐλητική</em></strong></span> <span class='ocrx_word' id='word_1_268' title='bbox 762 3785 833 3850; x_wconf 68' lang='lat' dir='ltr'>dno*</span> <span class='ocrx_word' id='word_1_269' title='bbox 864 3785 1091 3867; x_wconf 74' lang='grc' dir='ltr'><strong><em>ἁπλουστέρας</em></strong></span> <span class='ocrx_word' id='word_1_270' title='bbox 1123 3785 1167 3860; x_wconf 80' lang='grc' dir='ltr'>εἰς</span> <span class='ocrx_word' id='word_1_271' title='bbox 1194 3788 1428 3871; x_wconf 77' lang='grc' dir='ltr'><strong><em>ποικιλωτέραν</em></strong></span> 
     </span>
     <span class='ocr_line' id='line_1_35' title="bbox 265 3879 1428 3974; baseline 0.004 -26"><span class='ocrx_word' id='word_1_272' title='bbox 265 3890 467 3969; x_wconf 69' lang='grc' dir='ltr'><strong><em>μεταβέβηκε</em></strong></span> <span class='ocrx_word' id='word_1_273' title='bbox 489 3885 656 3974; x_wconf 83' lang='grc' dir='ltr'><strong><em>μουσικήν.</em></strong></span> <span class='ocrx_word' id='word_1_274' title='bbox 698 3887 737 3950; x_wconf 72' lang='lat' dir='ltr'>co*</span> <span class='ocrx_word' id='word_1_275' title='bbox 757 3887 818 3968; x_wconf 79' lang='grc' dir='ltr'>γάρ</span> <span class='ocrx_word' id='word_1_276' title='bbox 841 3885 995 3965; x_wconf 85' lang='grc' dir='ltr'><strong><em>παλαιόν,</em></strong></span> <span class='ocrx_word' id='word_1_277' title='bbox 1022 3886 1080 3959; x_wconf 72' lang='grc' dir='ltr'>ἕως</span> <span class='ocrx_word' id='word_1_278' title='bbox 1099 3883 1143 3959; x_wconf 77' lang='grc' dir='ltr'>εἰς</span> <span class='ocrx_word' id='word_1_279' title='bbox 1165 3879 1428 3973; x_wconf 80' lang='grc' dir='ltr'><strong><em>Μελανιππίδην</em></strong></span> 
     </span>
     <span class='ocr_line' id='line_1_36' title="bbox 265 3983 1428 4074; baseline 0.003 -26"><span class='ocrx_word' id='word_1_280' title='bbox 265 3988 323 4049; x_wconf 85' lang='grc' dir='ltr'><strong><em>τδν</em></strong></span> <span class='ocrx_word' id='word_1_281' title='bbox 345 3989 409 4049; x_wconf 78' lang='grc' dir='ltr'><strong><em>τῶν</em></strong></span> <span class='ocrx_word' id='word_1_282' title='bbox 431 3986 648 4069; x_wconf 70' lang='grc' dir='ltr'><strong><em>διθυράμβων</em></strong></span> <span class='ocrx_word' id='word_1_283' title='bbox 668 3985 816 4074; x_wconf 82' lang='grc' dir='ltr'><strong><em>ποιητήν,</em></strong></span> <span class='ocrx_word' id='word_1_284' title='bbox 845 3983 1044 4072; x_wconf 81' lang='grc' dir='ltr'><strong><em>συμβεβήκει</em></strong></span> <span class='ocrx_word' id='word_1_285' title='bbox 1073 3985 1148 4058; x_wconf 84' lang='grc' dir='ltr'><strong><em>τοδς</em></strong></span> <span class='ocrx_word' id='word_1_286' title='bbox 1173 3984 1315 4069; x_wconf 78' lang='grc' dir='ltr'><strong><em>αὐλητάς</em></strong></span> <span class='ocrx_word' id='word_1_287' title='bbox 1335 3989 1428 4072; x_wconf 87' lang='grc' dir='ltr'><strong><em>παρά</em></strong></span> 
     </span>
     <span class='ocr_line' id='line_1_37' title="bbox 265 4085 1429 4172; baseline 0.003 -24"><span class='ocrx_word' id='word_1_288' title='bbox 265 4090 330 4149; x_wconf 77' lang='grc' dir='ltr'><strong><em>τῶν</em></strong></span> <span class='ocrx_word' id='word_1_289' title='bbox 352 4089 495 4170; x_wconf 79' lang='grc' dir='ltr'><strong><em>ποιητῶν</em></strong></span> <span class='ocrx_word' id='word_1_290' title='bbox 514 4085 695 4168; x_wconf 77' lang='grc' dir='ltr'><strong><em>λαμβάνειν</em></strong></span> <span class='ocrx_word' id='word_1_291' title='bbox 714 4088 788 4160; x_wconf 71' lang='grc' dir='ltr'>τούς</span> <span class='ocrx_word' id='word_1_292' title='bbox 807 4085 959 4166; x_wconf 68' lang='grc' dir='ltr'><strong><em>μισθούς,</em></strong></span> <span class='ocrx_word' id='word_1_293' title='bbox 985 4086 1316 4172; x_wconf 82' lang='grc' dir='ltr'><strong><em>πρωταγωνιστούσης</em></strong></span> <span class='ocrx_word' id='word_1_294' title='bbox 1337 4089 1429 4171; x_wconf 87' lang='grc' dir='ltr'><strong><em>δηλο-</em></strong></span> 
     </span>
     <span class='ocr_line' id='line_1_38' title="bbox 266 4183 1428 4272; baseline 0.002 -21"><span class='ocrx_word' id='word_1_295' title='bbox 266 4185 335 4251; x_wconf 85' lang='grc' dir='ltr'><strong><em>νότι</em></strong></span> <span class='ocrx_word' id='word_1_296' title='bbox 363 4191 419 4272; x_wconf 82' lang='grc' dir='ltr'>τῆς</span> <span class='ocrx_word' id='word_1_297' title='bbox 449 4186 617 4270; x_wconf 75' lang='grc' dir='ltr'><strong><em>ποιήσεως.</em></strong></span> <span class='ocrx_word' id='word_1_298' title='bbox 661 4183 798 4270; x_wconf 76' lang='grc' dir='ltr'><strong><em>ὕστερον</em></strong></span> <span class='ocrx_word' id='word_1_299' title='bbox 827 4186 864 4248; x_wconf 73' lang='grc' dir='ltr'>δὲ</span> <span class='ocrx_word' id='word_1_300' title='bbox 891 4186 945 4247; x_wconf 85' lang='grc' dir='ltr'>καὶ</span> <span class='ocrx_word' id='word_1_301' title='bbox 975 4188 1073 4248; x_wconf 81' lang='grc' dir='ltr'><strong><em>τοῦτο</em></strong></span> <span class='ocrx_word' id='word_1_302' title='bbox 1095 4186 1272 4270; x_wconf 66' lang='grc' dir='ltr'><strong><em>διεφθάρη.</em></strong></span> <span class='ocrx_word' id='word_1_303' title='bbox 1315 4189 1428 4253; x_wconf 82' lang='lat' dir='ltr'>verba:</span> 
     </span>
    </p>
   </div>
   <div class='ocr_carea' id='block_1_5' title="bbox 0 0 1633 4976">
    <p class='ocr_par' dir='ltr' id='par_1_5' title="bbox 0 0 1633 4976">
     <span class='ocr_line' id='line_1_39' title="bbox 0 0 1633 4976; baseline 0 0"><span class='ocrx_word' id='word_1_304' title='bbox 0 0 1633 4976; x_wconf 95' lang='lat' dir='ltr'> </span> 
     </span>
    </p>
   </div>
  </div>
 </body>
</html>
