3244 4976
845 343 886 408 78

281 542 420 620 mireris,
458 539 540 620 quod
572 540 848 603 instrumentorum
885 539 952 602 soni
979 557 1049 603 cnm
1082 538 1186 603 verbis
1222 538 1376 603 coniuncti
1406 539 1447 604 ab

281 641 418 706 Aristide
440 657 501 703 non
516 643 810 703 commemorantur.
850 638 1031 718 Anonymus
1047 637 1123 702 Bell.
1137 638 1180 719 (p.
1193 639 1248 718 68]
1268 637 1449 720 μεσαυλικά

280 745 348 824 ipsa
374 739 462 804 κῶλα
483 739 622 820 appellat
650 739 699 816 (ἐν
720 741 787 811 τοῖς
807 733 941 822 ᾅσμασί
958 759 1040 800 ποτε
1061 738 1247 820 μεσολαβεῖ
1263 738 1449 822 solartila).
1535 734 1546 742 ’

280 841 307 906 is
339 839 462 921 quidem
495 838 621 902 disertis
644 836 746 902 verbis
777 855 814 901 ea
841 844 997 916 crumata,
1028 856 1109 920 quae
1132 837 1224 902 simul
1254 857 1320 903 cum
1344 838 1449 903 verbis

283 941 503 1022 proferuntur,
535 943 568 1002 et
594 955 649 1018 ea,
681 937 792 1017 quibus
822 936 987 1000 verborum
1020 936 1144 1001 silentia
1175 937 1357 1019 explentur,
1389 938 1451 1002 dis-

283 1040 413 1119 tinguit:
434 1041 534 1121 ⁴droco
556 1037 638 1121 (scil.
657 1035 709 1100 ubi
724 1041 817 1100 notae
831 1035 1088 1100 instrumentales
1106 1033 1451 1122 000001111ἢπαρε1-

281 1139 403 1220 κυσμὸς
430 1139 546 1220 μέλους
567 1137 651 1199 nard
673 1137 734 1209 τοὶς
762 1139 822 1198 τοῦ
844 1137 943 1218 ῥητοῦ
965 1135 1139 1217 συλλαβάς,
1161 1134 1182 1216 ἢ
1203 1137 1368 1220 μεταβολή
1392 1137 1450 1200 ἐπὶ

280 1239 384 1302 κῶλον
404 1238 612 1321 maculationis
633 1231 655 1321 ἢ
676 1233 900 1316 ἐπαγόμενον’.
944 1236 1091 1301 discimus
1113 1237 1209 1315 igitur
1231 1236 1280 1302 his
1301 1237 1375 1302 locis
1400 1256 1451 1302 us·

280 1357 339 1420 que
373 1338 412 1402 ad
446 1345 588 1418 tempora
623 1338 701 1400 satis
734 1335 871 1400 recentia
908 1337 1059 1400 mansisse
1091 1338 1332 1401 vetustissimam
1364 1336 1450 1401 illam

280 1437 533 1503 consuetudinem
557 1437 639 1500 vocis
663 1435 787 1498 silentia
811 1436 1094 1500 instrumentorum
1115 1437 1202 1500 sonis
1224 1437 1378 1518 explendi.

362 1539 426 1602 lam
450 1536 490 1600 ad
512 1536 604 1600 finem
623 1535 818 1617 perductum
842 1534 879 1598 de
909 1535 1002 1601 rebus
1025 1537 1148 1601 musicis
1171 1536 1210 1601 ad
1232 1537 1360 1602 Pindari
1383 1555 1450 1602 car-

282 1639 366 1702 mina
383 1636 610 1719 pertinentibus
627 1636 870 1717 disputationem
894 1654 988 1720 unum
1011 1637 1084 1701 mihi
1104 1644 1214 1717 restat,
1238 1643 1273 1701 ut
1291 1637 1329 1701 de
1350 1637 1450 1702 modis

281 1737 379 1802 verba
408 1737 529 1803 faciam.
573 1739 712 1802 carmina
740 1734 919 1817 0.(5t.14.
948 1737 986 1802 N.
1004 1741 1064 1801 18
1093 1739 1211 1819 Lydio,
1240 1737 1317 1803 0.3
1345 1738 1450 1819 Dorio,

281 1837 314 1901 P.
333 1841 360 1901 2.
384 1837 452 1902 N.3
474 1837 580 1901 Aeolio
602 1835 693 1900 modo
715 1841 843 1900 cantata
867 1855 935 1902 esse
957 1838 1023 1918 ipse
1044 1837 1202 1902 Pindarus
1225 1837 1353 1903 indicat.
1391 1837 1449 1901 dii-

282 1937 453 2002 ficultatem
476 1937 575 2003 solum
597 1955 720 2001 carmen
744 1936 779 2001 0.
802 1939 815 2001 1
840 1941 949 2018 parat,
971 1937 1059 2001 cuius
1081 1938 1188 2000 modos
1211 1937 1335 2001 Aeolios
1356 1936 1451 2000 fuisse

283 2055 321 2102 en
344 2058 370 2101 v.
392 2039 448 2102 105
476 2036 620 2119 colligas,
652 2055 721 2101 cum
748 2056 777 2102 v.
799 2037 837 2101 18
868 2045 963 2118 poeta
986 2036 1115 2100 Doriam
1146 2034 1299 2099 citharam
1329 2041 1450 2117 poscat.

283 2156 375 2219 quam
406 2135 621 2202 difficultatem
651 2135 816 2218 Westpbal
846 2136 910 2218 (11⁸
938 2139 989 2218 85)
1018 2138 1063 2203 ita
1092 2137 1203 2202 tollere
1235 2141 1381 2216 conatur,
1413 2139 1450 2198 ut

281 2241 404 2301 statuat
426 2235 595 2316 citharam,
623 2254 715 2317 quam
738 2235 777 2299 ad
807 2235 864 2300 hoc
884 2254 1007 2301 carmen
1030 2236 1246 2314 adhibuerint,
1277 2236 1363 2300 dorio
1385 2235 1450 2299 dia-

281 2353 377 2418 pason
401 2336 554 2401 intentam
577 2334 688 2414 fuisse,
714 2342 827 2400 cantus
851 2341 956 2399 autem
980 2335 1140 2401 melodiam
1163 2336 1260 2400 fuisso
1284 2334 1449 2400 Aeolicam.

281 2435 364 2515 quod
386 2454 442 2517 per
464 2453 497 2500 se
525 2454 586 2500 nou
610 2434 761 2500 absonum
782 2435 938 2515 cogitare,
965 2452 1034 2499 cum
1056 2434 1088 2500 bi
1108 2434 1167 2500 duo
1189 2434 1272 2498 modi
1294 2435 1448 2514 cognatis-

281 2535 349 2598 simi
381 2535 451 2598 sint.
500 2540 639 2599 attamen
673 2534 837 2616 quominus
866 2533 994 2598 Pindari
1029 2533 1127 2599 locum
1159 2536 1202 2599 sic
1233 2534 1448 2616 explicandum

279 2651 348 2698 esse
376 2635 519 2713 credam,
546 2635 669 2699 duabus
695 2636 797 2698 causis
824 2633 984 2714 impedior.
1034 2635 1168 2715 primum
1200 2633 1351 2713 Pindaro,
1380 2652 1448 2697 cum

280 2736 380 2799 canit:
414 2739 553 2817 ιΔωρίαν
576 2734 646 2798 u’rvd
672 2732 821 2817 φόρμγγα
849 2731 1028 2797 πασσάλου
1050 2733 1218 2816 λάμβανέ,
1250 2752 1310 2798 non
1341 2733 1449 2796 obver-

281 2842 392 2898 santur
424 2853 460 2899 ea
493 2836 721 2912 instrumenta,
758 2834 868 2915 quibus
899 2851 933 2896 re
965 2852 1038 2898 vera
1074 2834 1219 2900 carminis
1251 2834 1286 2898 Ο.
1317 2838 1328 2894 l
1365 2833 1448 2896 modi

281 2933 482 3013 canebantur,
506 2937 559 2999 sed
579 2936 669 2998 aoedi
690 2951 857 3015 personam
878 2933 946 3011 agii
967 2931 1050 3014 (ap.
1063 2934 1126 3012 39).
1162 2932 1274 2998 deinde
1290 2932 1448 2995 modorum

281 3035 404 3097 nomina
430 3053 490 3098 non
509 3038 793 3111 commemorasset,
814 3031 873 3098 nisi
891 3031 930 3095 ad
953 3033 1133 3096 interiorem
1154 3033 1299 3097 carminis
1316 3031 1449 3094 indolem

280 3131 339 3195 bae
361 3133 558 3198 diversitates
580 3134 818 3214 pertinuissent3
840 3131 956 3210 alioqui
978 3131 1137 3209 indignum
1163 3136 1233 3196 erat
1255 3138 1348 3213 poeta
1373 3129 1448 3193 talia

282 3250 531 3296 commemorare.
582 3233 676 3296 tibias
711 3231 827 3313 Lydias
861 3231 909 3294 vel
944 3228 1077 3294 chordas
1109 3229 1249 3294 Aeolicas
1286 3247 1346 3292 non
1380 3228 1448 3291 ideo

281 3333 430 3409 nominat,
454 3337 487 3395 ut
507 3332 608 3395 sciant
629 3331 804 3410 audientes,
826 3330 909 3393 intra
933 3347 1010 3410 quos
1032 3347 1125 3393 sonos
1149 3329 1283 3393 melodia
1304 3331 1448 3391 versetur

282 3430 327 3493 vul
349 3448 439 3511 quem
464 3430 699 3496 intervallorum
722 3430 860 3494 ordinem
879 3434 994 3506 servet,
1014 3428 1071 3493 sed
1094 3434 1130 3492 ut
1147 3427 1291 3492 carminis
1313 3434 1448 3490 naturae

281 3531 352 3593 viva
373 3530 524 3611 quaedam
553 3531 655 3610 imago
682 3548 743 3593 uno
766 3528 859 3592 verbo
882 3528 1044 3592 excitetur.
1092 3527 1308 3591 instrumentis
1333 3526 1448 3590 usitata

280 3628 407 3693 licentia
431 3629 551 3710 tribuit,
574 3629 655 3709 quud
678 3628 774 3692 totius
796 3631 908 3691 cantus
930 3634 986 3690 est.
1027 3625 1154 3690 Dorium
1179 3626 1276 3705 igitur
1297 3626 1447 3690 citharam

282 3746 342 3791 non
373 3729 532 3810 postulat,
563 3733 599 3792 ut
621 3727 795 3806 describat,
824 3725 1010 3807 quibusnam
1033 3725 1159 3790 chordis
1189 3727 1310 3789 intenta
1334 3729 1448 3790 instru-

173 3828 176 3835 '
281 3832 387 3892 menta
416 3828 558 3893 adbiberi
578 3828 652 3892 velit
673 3826 769 3911 (quod
792 3844 827 3890 00
848 3827 949 3889 minus
970 3831 1078 3906 aptum
1105 3833 1183 3902 erat,
1205 3826 1287 3907 quod
1302 3832 1368 3892 toto
1390 3825 1449 3891 hoc

281 3927 348 3990 loco
371 3927 402 3990 in
423 3928 557 4009 imagine
579 3947 597 3992 a
620 3945 724 3992 rerum
746 3926 881 3990 veritate
903 3924 1006 3988 aliena
1026 3926 1220 4003 versamur),
1247 3925 1300 3988 sed
1325 3932 1358 3989 nt
1380 3944 1446 3988 eam

284 4027 378 4088 totius
407 4028 552 4090 curvniuis
586 4027 719 4090 indolem
752 4025 881 4102 indicet,
923 4041 1014 4102 quam
1051 4023 1160 4087 modus
1196 4023 1307 4088 Durius
1338 4023 1450 4087 afferre

279 4124 367 4188 solut.
845 4151 849 4158 ·
