3244 4976
427 1099 480 1196 ii.
520 1099 581 1196 Do
611 1097 802 1197 Pindari
832 1127 880 1196 ro
909 1099 1100 1198 musica.

693 1266 839 1276 ——-

265 1337 367 1402 Multa
389 1344 464 1404 sunt
487 1339 518 1401 in
540 1346 647 1402 vetere
665 1339 793 1417 musica,
817 1357 895 1419 quae
914 1341 991 1403 scire
1009 1340 1107 1404 multo
1127 1341 1226 1419 magis
1242 1345 1350 1402 nostra

183 1437 333 1518 interest,
363 1456 455 1518 quam
485 1456 537 1516 ea,
568 1439 597 1501 in
621 1439 734 1520 quibus
757 1440 927 1519 scriptores
956 1440 1002 1504 rei
1026 1441 1162 1504 musicae
1184 1440 1350 1502 maximam

185 1555 312 1616 operam
332 1544 513 1616 posuerunt.
557 1557 585 1602 v.
603 1556 649 1617 gr.
672 1538 776 1618 qualia
799 1557 920 1620 quoque
938 1544 1075 1620 tempore
1093 1546 1126 1604 et
1141 1545 1218 1620 quot
1235 1541 1351 1602 instru-

185 1643 291 1700 menta
319 1637 359 1700 ad
393 1638 501 1701 choros
528 1637 669 1701 adhibita
699 1639 779 1714 sint,
814 1656 950 1722 quonam
979 1639 1070 1701 modo
1095 1639 1179 1702 chori
1201 1639 1352 1718 magister

183 1735 275 1799 huius
304 1744 336 1800 et
365 1736 528 1801 saltationi
556 1742 588 1800 et
618 1737 723 1801 cantui
755 1737 921 1817 praeierit,
953 1756 992 1801 ne
1021 1757 1082 1801 uno
1107 1738 1230 1818 quidem
1255 1737 1350 1801 verbo

185 1838 329 1915 produnt.
380 1838 519 1917 ipsorum
539 1843 642 1900 autem
665 1841 862 1917 poematum,
890 1855 968 1918 quae
990 1854 1177 1915 cognoscere
1200 1837 1351 1918 cupitum,

187 1936 282 1999 tertia
305 1936 451 2017 cuiusque
480 1955 553 2016 pars
583 1937 713 2016 mansit,
751 1941 875 2001 ceterae
911 1937 1004 2016 duae,
1043 1935 1125 1999 modi
1155 1943 1187 1999 et
1215 1936 1351 2015 saltatio,

184 2053 313 2114 prorsus
337 2035 543 2115 deperierunt.
587 2042 726 2099 attamen
747 2042 812 2100 tam
833 2037 911 2099 artis
935 2037 1013 2099 haec
1034 2035 1096 2098 tria
1118 2035 1246 2099 vinculis
1269 2037 1352 2099 inter

185 2153 219 2198 se
242 2136 414 2199 constricta
435 2143 518 2215 sunt,
542 2142 576 2200 ut
597 2136 789 2200 excutiendis
807 2136 910 2200 verbis
927 2135 967 2200 ad
987 2141 1056 2199 tota
1073 2141 1220 2216 poemata
1240 2153 1352 2214 cogno-

187 2235 301 2299 scenda
328 2235 468 2299 nonnihil
498 2237 686 2300 adiuvemur.
734 2235 834 2299 nuilus
857 2242 963 2299 autem
984 2242 1146 2316 poetarum
1171 2242 1235 2299 tam
1259 2254 1352 2316 saepe

185 2353 222 2398 ac
244 2335 378 2399 libent-er
399 2335 439 2399 de
461 2335 561 2399 modis
584 2335 647 2399 suis
670 2336 766 2399 verba
788 2334 862 2399 facit
885 2354 976 2415 qttam
998 2334 1169 2434 Pindarum
1203 2337 1289 2400 cuius
1315 2336 1352 2398 de

186 2454 219 2498 ro
241 2436 360 2499 musica
386 2436 564 2499 testimonia
590 2436 620 2499 in
649 2441 740 2498 tanta
761 2435 886 2498 testium
910 2436 1040 2515 penuria
1063 2452 1159 2515 quam
1182 2436 1351 2499 accuratis-

185 2534 262 2598 sime
290 2534 470 2615 perquirere
501 2553 536 2599 eo
564 2535 664 2614 magis
684 2551 797 2614 operae
818 2535 952 2614 pretium
976 2540 1041 2613 est,
1070 2531 1153 2617 quod
1176 2536 1230 2618 qui
1253 2534 1352 2598 adhuc

186 2633 233 2696 his
270 2632 346 2697 locis
384 2634 423 2696 ad
460 2633 687 2698 confirmandas
718 2651 790 2697 suas
820 2634 860 2697 de
889 2652 923 2697 re
953 2634 1070 2698 musica
1097 2633 1271 2697 sententias
1304 2633 1353 2696 usi

184 2743 273 2812 sunt,
302 2733 440 2797 universi
469 2735 534 2798 eius
562 2734 707 2817 loquendi
730 2735 852 2813 generis
875 2752 935 2798 non
959 2735 1037 2798 satis
1063 2734 1216 2797 rationem
1239 2732 1352 2796 habere

185 2831 342 2896 solebant.

268 2932 435 2999 Videamus
456 2933 588 3012 primum
608 2932 648 2997 de
664 2933 891 2997 instrumentis.
935 2931 1089 2995 Pindarus
1106 2931 1260 2994 nonnullis
1277 2931 1353 2994 iocis

184 3035 323 3099 citharae
350 3038 476 3097 cantum
503 3051 572 3096 cum
598 3033 785 3097 carminibus
808 3033 872 3096 suis
900 3033 1099 3095 coniunctum
1121 3037 1353 3110 commemorat,

185 3135 255 3198 aliis
284 3133 413 3209 tibiam,
444 3132 513 3195 aliis
540 3133 672 3212 denique
696 3132 790 3195 tibiae
811 3131 982 3214 fidiumquo
1004 3137 1196 3195 concentum.
1239 3129 1353 3212 quibus

185 3235 259 3297 iocis
292 3233 382 3297 nixus
415 3233 552 3296 Gevaert
583 3231 724 3314 (11471)
756 3230 882 3294 Pindari
915 3231 1053 3294 carmina
1086 3231 1115 3292 in
1150 3237 1215 3292 tres
1246 3235 1354 3308 partes

186 3332 402 3398 distribuenda
433 3336 555 3409 censet,
585 3349 665 3411 quas
695 3337 731 3394 ut
760 3331 819 3395 hoo
850 3331 940 3395 modo
971 3331 1194 3410 distingueret,
1222 3327 1270 3393 vei
1297 3328 1354 3392 ioci

187 3433 374 3513 temporisve
402 3431 580 3495 condicione
607 3431 658 3495 vei
686 3432 753 3511 ipsa
783 3433 954 3495 carminum
981 3431 1083 3494 indole
1105 3429 1276 3494 Pindarum
1299 3427 1355 3491 ad-

186 3531 314 3596 ductum
337 3549 405 3594 esse
423 3533 587 3612 opinatum
609 3531 761 3594 orationis
783 3532 861 3594 enim
886 3531 1079 3594 sublimitate
1102 3535 1134 3592 et
1156 3548 1260 3592 rerum
1283 3545 1354 3608 gra-

182 3631 284 3695 vitate
306 3650 342 3694 ea
364 3630 532 3710 excellere,
553 3630 605 3694 ubi
626 3628 733 3694 fidium
757 3636 877 3694 tantum
899 3631 1014 3694 mentio
1037 3628 1108 3706 fiat,
1133 3627 1168 3691 Ο.
1192 3631 1207 3690 1
1233 3626 1354 3709 (1.18),

185 3730 251 3794 ua
272 3728 327 3812 (1),
350 3730 419 3794 ue
439 3728 514 3812 (13),
537 3729 569 3793 Ρ.
588 3735 600 3792 1
620 3729 649 3811 (1
665 3729 736 3812 sa),
759 3732 795 3796 P.
819 3735 836 3791 a
858 3731 933 3810 (oo),
956 3729 1022 3793 Po
1041 3726 1119 3806 (31),
1141 3725 1354 3808 1111141),

183 3829 220 3894 N.
244 3834 283 3893 10
303 3830 380 3910 (2³2).
433 3829 510 3893 tibia
541 3829 607 3892 sola
635 3829 671 3893 O.
696 3836 712 3892 5
735 3832 801 3910 (19)
830 3834 1108 3904 commemoratum
1144 3827 1282 3891 Govaert
1313 3826 1353 3889 ad

184 3929 220 3993 Ο.
242 3935 279 3990 tt
302 3947 426 4012 quoque
447 3929 528 3992 solos
550 3929 643 3992 tibias
662 3929 787 3994 additas
810 3936 904 4011 putat
926 3929 1088 4011 (videlicet
1112 3926 1265 4010 quiahoc
1287 3943 1355 3988 car-

185 4029 268 4092 mine
292 4027 516 4106 Orchomenos,
546 4028 694 4093 tibiarum
722 4029 913 4093 fertilissima
937 4045 1070 4108 patena,
1102 4023 1292 4107 celebratur)
1323 4031 1355 4087 et

185 4127 224 4192 ad
250 4127 290 4196 N.
310 4129 329 4190 2
351 4127 469 4211 [nescio
492 4145 555 4212 qua
577 4128 616 4192 de
638 4126 769 4212 causa);
798 4129 963 4209 utriusque
991 4127 1125 4207 denique
1154 4125 1354 4190 instrumenti
